2568 3980
168 191 230 256 148
433 190 586 247 SCHOLIA
603 191 644 246 IN
660 190 909 246 DIOPHANTUM.

166 356 359 438 Διόφαντος
396 353 456 437 οὐχ
493 353 679 438 ὡρισμένον
716 356 796 438 ἔχει,
834 350 907 418 ἀλλ’
936 354 981 431 ὡς
1012 356 1180 438 ποσότητα

166 461 271 543 μόνον
298 461 373 524 τινά
400 463 532 543 τίθησι·
556 456 611 524 καὶ
634 460 698 543 γάρ
724 458 761 525 έν
788 451 837 536 οἷς
860 456 921 544 μὲν
943 471 1011 526 τῶν
1033 463 1181 544 προβλη-

166 565 279 649 μάτων
306 569 470 632 πλειόνων
503 565 661 651 μονάδων
690 566 875 651 εὑρίσκεται
904 566 922 632 6
951 566 1110 652 ἀριθμός,
1143 566 1181 632 έν

167 665 218 749 οἷς
241 670 272 737 δ’
289 672 482 738 ἐλαττόνων.
520 675 590 737 ἔστι
614 669 644 737 δ’
663 668 704 738 οὑ
727 670 782 738 καὶ
805 674 952 757 μονάδος
975 673 1128 739 έλάττων.

139 807 153 849 ε
230 773 353 845 Ἰστέου
375 803 412 863 με
436 780 502 863 μὴν
526 778 563 844 έν
585 781 692 870 τούτῳ
716 788 762 870 τῷ
789 792 829 844 αφ
851 783 1069 865 προβλήματι,
1093 781 1138 857 ὡς
1162 781 1181 846 6

168 887 464 972 διαιρεθησύμενος
492 886 650 971 ἀριθμός,
679 893 743 952 εῖτε
766 888 878 973 ἀρτιός
901 886 1008 970 ἐστιν,
1037 893 1103 952 εἴτε
1125 910 1181 953 πε-

168 994 289 1076 ριττός,
326 991 381 1058 καὶ
418 994 480 1077 τὴν
516 993 684 1079 ὑπεροχὴν
719 1001 780 1058 τοῦ
817 996 967 1076 μείζονος
1002 995 1085 1078 πρὸς
1121 995 1183 1060 τὸν

168 1098 324 1164 έλάττονα
352 1099 468 1185 ἀρτίαν
498 1100 643 1165 δυνατὸν
671 1093 757 1163 εἶναι
787 1097 807 1180 ἣ
836 1100 992 1184 περιττὴν
1016 1085 1183 1185 ὁποτέρως

168 1206 290 1288 βούλει.
337 1208 385 1270 ἔτι
416 1204 471 1271 καλ
503 1214 601 1271 τοῦτο
630 1203 741 1271 ἰστέον
768 1205 813 1282 ὡς
840 1205 899 1270 έάν
926 1229 961 1271 τε
989 1203 1044 1270 ἀπ’
1062 1205 1180 1292 ἀρτίου

129 1345 155 1384 10
169 1313 322 1395 περιττὸν
346 1311 481 1398 ἀφέλῃς,
506 1311 564 1376 ἐάν
586 1334 620 1377 τε
644 1311 708 1400 ἀπὸ
730 1321 886 1397 περιττοῦ
910 1314 1036 1395 ἀρτιον,
1054 1312 1092 1377 τὸ
1113 1317 1184 1377 λοι-

168 1419 233 1482 πὸν
256 1419 410 1504 περιττὸν
432 1421 538 1484 ἔσται·
565 1415 620 1484 καλ
644 1422 795 1484 καθόλου
817 1427 881 1496 πᾶς
904 1420 1016 1504 ἀρτιος
1038 1417 1184 1503 ἀριθμὸς

169 1525 189 1609 ἢ
218 1525 253 1590 έκ
281 1525 343 1591 δύο
371 1524 495 1609 ἀρτίων
523 1524 543 1607 ἣ
572 1527 633 1590 δύο
663 1536 826 1611 περιττῶν
853 1526 1021 1609 σύγκειται
1050 1522 1106 1589 καὶ
1136 1528 1185 1603 είς

170 1632 291 1708 αὐτοὺς
319 1633 509 1717 διαιρεῖται,
538 1633 620 1698 ὥστε
644 1631 708 1697 ἀπὸ
732 1629 793 1717 μέν
816 1630 932 1716 ἀρτίου
957 1630 1117 1716 ὁπότερον
1142 1631 1185 1697 ἀν

171 1733 259 1815 εἶδος
283 1736 419 1824 ἀφέλῃς,
441 1739 478 1804 τὸ
502 1739 621 1804 λοιπὸν
640 1739 758 1823 ὅμοιον
777 1741 868 1803 ἔσται
887 1745 932 1826 τῷ
953 1736 1185 1823 ἀφαιρεθέντι,

132 1875 157 1914 15
172 1845 234 1910 ἀπὸ
269 1840 305 1909 δέ
337 1854 503 1931 περιττοῦ,
532 1844 732 1911 τούναντίον
763 1854 824 1910 τοῦ
856 1843 1107 1929 ἀφαιρεθέντος.
1154 1847 1187 1910 εί

170 1954 287 2017 τοίνυν
319 1949 373 2016 καλ
410 1952 447 2017 έν
478 1954 564 2040 τῷδε
601 1953 645 2039 τῷ
683 1954 890 2036 προβλήματι
926 1953 986 2017 τὸν
1017 1955 1035 2016 ῖ
1068 1953 1186 2035 ἀρτιον

173 2058 332 2143 διέλωμεν
351 2059 398 2136 είς
422 2059 484 2124 δύο
509 2058 674 2145 ἀριθμοὺς
697 2059 780 2124 ὥστε
803 2059 862 2124 τὸν
886 2061 983 2142 μείζω
1006 2066 1067 2122 τοῦ
1091 2057 1187 2124 έλάσ-

173 2181 272 2252 σονος
306 2167 381 2250 μθμ
418 2163 604 2250 ὑπερέχειν,
642 2167 904 2249 συσταθήσεται·
935 2165 1186 2250 ἀφαιρεθεισῶν

172 2273 235 2355 γάρ
262 2281 329 2336 τῶν
356 2275 447 2356 W,
476 2273 574 2337 λοιπά
597 2258 627 2356 ξ,
654 2273 736 2357 άπερ
765 2274 941 2360 διαιρεῖται
968 2274 1014 2350 είς
1039 2300 1060 2359 y
1076 2269 1105 2349 β’
1130 2270 1187 2338 καί

134 2407 160 2446 εο
173 2382 195 2462 μ
209 2377 249 2460 L',
270 2372 317 2444 ὧν
335 2377 466 2466 θατέρφ
491 2379 529 2444 αλ
548 2381 571 2463 μ
583 2391 619 2464 μθ
641 2387 854 2446 συντεθεῖσαι
877 2389 1012 2446 ποιοῦσι
1034 2383 1095 2447 τὸν
1118 2381 1188 2462 μεί-

175 2488 252 2564 ζονα
274 2482 341 2562 {L‘
364 2482 420 2550 καί
444 2487 503 2552 τὸν
528 2479 690 2552 έλάσσονα
713 2485 796 2570 μί’·
821 2489 861 2552 τά
884 2483 921 2553 δέ
944 2484 1007 2564 ἕλ’
1030 2488 1144 2572 τῶν-ᾦ
1158 2485 1188 2562 L'
1219 2530 1221 2536 ·

174 2589 325 2676 ὑπερέχει
347 2595 428 2676 W.

232 2697 324 2764 ’Ἐστι
340 2695 446 2763 δὲκαὶ
464 2709 656 2785 γραμμικῶς
673 2701 711 2765 τὸ
730 2708 861 2765 τοιοῦτο
876 2703 1051 2786 πρόβλημα
1066 2700 1190 2786 εὑρεῖν.

175 2805 335 2870 ἐκκείσθω
374 2807 720 2891 παραλληλόγραμμον
751 2809 788 2872 τὸ
825 2809 975 2889 ΑΒΓΔ,
1012 2805 1067 2871 καὶ
1105 2810 1190 2873 ἔστω

136 2908 253 2994 2561
219 2935 296 3084 μενῆ
302 2913 372 2974 ΑΓ
390 2912 560 2976 τοσούτων
585 2913 786 2995 μονάδων“
767 2930 856 2978 οσων
880 2909 969 2977 ἐστὶν
993 2912 1112 2978 ὁποῖον
1131 2915 1189 2996 δή·

517 3048 588 3096 τι
641 3035 754 3096 βποτε
779 3016 878 3103 μέρος
901 3028 961 3085 τοῦ
985 3044 1008 3102 μ
1031 3018 1190 3105 ἀριθμοῦ,

182 3198 193 3204 -
290 3204 308 3211 -
675 3125 805 3209 πλὴν“
791 3150 846 3190 ιυα
873 3121 927 3190 καλ
953 3124 1021 3190 6
1000 3151 1019 3211 ρ
1047 3125 1192 3213 ἀριθμὸς

182 3209 192 3235 ⁸
289 3218 307 3258 μ
581 3210 856 3317 ἶδμάνυμον
885 3234 1005 3316 μόριον
1035 3235 1092 3318 ἔχῃ
1121 3245 1193 3311 ταῖς

202 3371 217 3410 γ
391 3353 403 3405 ζ
529 3348 657 3397 *Ἴ
675 3340 843 3415 τοιαύταις
861 3339 1011 3423 μονάσιν.
1047 3343 1131 3406 ἔστω
1150 3341 1192 3424 δὴ

137 3471 162 3510 ιο
177 3457 258 3532 μθὲ,
287 3448 410 3524 αἵτινες
432 3356 536 3531 ηθῖθ
508 3445 608 3532 μέρος
635 3443 704 3511 ἐστὶ
731 3455 792 3511 τοῦ
819 3466 860 3530 μ·
888 3442 958 3510 έπελ
988 3441 1025 3510 δὲ
1052 3444 1107 3510 καὶ
1131 3448 1192 3514 6
1174 3473 1193 3532 ρ

177 3557 242 3639 ἔχει
265 3563 308 3618 5⁰⁹
335 3550 435 3637 μέρος
461 3553 501 3617 τά
524 3554 559 3636 ιἰ,
591 3555 674 3618 ἔστω
702 3550 757 3618 καὶ
780 3551 800 3635 ἡ
823 3557 889 3616 AB
906 3562 945 3636 μ0
963 3553 999 3635 τί,
1026 3551 1081 3617 καὶ
1107 3557 1193 3636 γίνε-
