2578 3984
248 219 296 273 DE
314 218 527 274 DIOPHANTO
546 218 773 274 TESTIMONIA
791 218 976 276 VETERUM.
1077 221 1119 284 51
1161 245 1165 251 ·

104 382 146 448 ὃν
171 383 212 447 τά
236 369 310 469 ι-β.1)
334 386 362 452 ξ.
386 394 415 466 χ.
438 369 475 468 β,
503 382 590 467 ὁμοῦ
611 385 668 466 ιἰχ·
697 382 754 448 ἐάν
779 377 841 448 οὖν
863 385 1053 469 ποιήσωμεν
1076 385 1121 462 ὡς

99 491 142 554 τὰ
167 476 205 572 ιβ
229 492 312 577 πρὸς
338 491 398 556 τὸν
425 493 481 573 ιῖχ,
511 489 616 567 οὕτως
643 488 757 573 ἕτερόν
783 513 859 555 τινα
886 492 1010 574 χρόνον
1038 492 1121 576 πρὸς

100 597 194 683 ὥρας
218 599 253 679 ξ,
281 596 467 681 εὑρήσομεν
490 607 557 661 τῶν
581 599 601 666 ξ
624 596 721 678 ὡρῶν
745 593 909 661 ἐλάσσονα
936 600 1060 683 χρόνον
1084 599 1120 663 ἐν

99 705 193 791 λόγῳ
218 702 597 791 ὑποενδεκαδωδεκάτῳ·
622 703 694 784 [ἐὰν
717 696 780 767 οὖν
802 703 911 767 πάντα
929 715 1007 786 κχκιῖ
1024 703 1120 789 γένη-

98 835 171 892 ται,
202 809 246 886 ὡς
274 796 337 894 (ἦ
364 811 447 896 πρὸς
475 794 544 893 οβ’]
579 808 615 874 ἐν
643 810 707 894 άρα
739 813 848 898 χρόνῳ
880 820 948 874 τῶν
974 814 995 879 ξ
1017 808 1119 896 ’ὡρῶν
1147 837 1159 878 ⁵

99 917 466 1006 ὑκοενδεκαδωδεκάτῳ
493 919 751 1000 πληρωθήσεται
773 916 791 983 ὁ
814 918 948 1002 κρατηρ.

197 1346 283 1422 Τοὺς
304 1346 431 1429 χιλίους
455 1351 617 1428 στατῆρας
640 1342 699 1419 οὓς
723 1341 908 1427 ἐκτησάμην

191 1455 307 1536 λαβεῖν
330 1451 453 1516 κελεύω
476 1452 555 1527 τοὺς
578 1449 677 1533 ἐμοὺς
699 1450 820 1526 παῖδας
844 1451 922 1515 δύο·
1132 1477 1158 1515 ro

190 1559 279 1642 πλὴν
301 1561 445 1642 γνησίου
467 1559 504 1624 τὸ
528 1554 677 1640 πέμπτον
699 1555 859 1641 ηὐξησθω
884 1555 962 1621 δέκα

190 1663 314 1750 μέτρου
336 1665 495 1749 τετάρτου
518 1672 586 1728 τῶν
609 1665 780 1748 λαχόντων
802 1672 849 1753 τῷ
872 1666 976 1752 νόθῳ.

589 1880 632 1961 ιβ.

147 2003 206 2082 Ἓξ
230 2014 323 2088 μνῶν
346 2003 380 2084 ἓξ
403 2001 524 2087 φιάλας
547 2003 694 2086 Κροῖσος
717 2003 872 2085 βασιλεὺς
895 2000 1061 2086 ἀνέθηκεν

191 2112 321 2196 δραχμῇ
343 2111 404 2194 τὴν
428 2106 543 2196 ἑτέρην
566 2111 701 2193 μείζονα
722 2117 781 2193 τῆς
803 2107 923 2194 ἑτέρης.
1130 2131 1156 2172 ω

435 2346 478 2406 ιχ.
511 2323 558 2398 είς
581 2320 781 2407 ἀνδριάντας

144 2443 245 2518 τρεῖς,
264 2433 381 2515 Ζηθου
400 2427 455 2494 καλ
471 2426 651 2513 Ἀμφίονος
669 2428 724 2494 καλ
742 2438 800 2513 τῆς
819 2429 942 2515 μητρὸς
960 2428 1079 2494 αὐτῶν.

192 2555 309 2641 ’Ἁμφω
334 2553 395 2640 μὲν
414 2553 507 2638 ἡμεῖς
530 2559 635 2619 είκοσι
658 2563 742 2639 μνᾶς
765 2552 903 2638 ἕλκομεν

191 2666 304 2747 Ζῆθος
326 2686 361 2727 τε
383 2661 431 2746 χὼ
455 2661 626 2745 ξύναιμος·
650 2659 693 2744 ἣν
717 2658 756 2725 δέ
777 2684 842 2745 μου
866 2661 969 2745 λάβης

172 2861 199 2927 1)
218 2855 318 2911 Errore
335 2870 469 2910 numerus
484 2857 517 2908 12
537 2869 587 2923 pro
603 2858 637 2906 24
655 2852 765 2923 positus
785 2854 841 2923 est,
869 2869 901 2907 ao
921 2852 945 2906 si
963 2853 1048 2907 horae
1068 2869 1116 2906 sex

97 2929 175 2985 diem
195 2929 287 2984 totem
305 2925 485 2995 complerent.
519 2923 674 2979 Solutionis
692 2941 806 2982 sensus:
825 2927 936 2995 tempus
955 2924 1116 2994 quaesitum

97 3031 142 3085 est
162 3004 246 3162 {sl
264 3025 358 3080 horae.
391 3023 444 3077 Pro
465 3020 776 3096 θκοενδεκαδωδεκάτῳ
795 3021 855 3092 (1.4
874 3024 903 3076 et
922 3025 948 3093 6)
973 3024 1115 3092 oporteret

162 3112 173 3151 1
219 3132 247 3138 .-

96 3147 465 3264 ὑκοεκιεδδεκαδωδεκάτῳ.

170 3413 241 3464 4-5
261 3403 312 3464 ἐὰν
327 3405 378 3464 οὖν
398 3452 405 3465 .
420 3449 427 3462 .
443 3450 449 3464 .
468 3405 538 3475 πρὸς
552 3393 589 3480 ο-χλ
601 3406 716 3474 seclus13
733 3408 876 3475 oporteret
890 3400 941 3462 ἐὰν
956 3402 1006 3461 οὖν
1020 3403 1115 3460 πάντα

97 3513 151 3560 ςκιε
170 3497 294 3570 γένηται,
314 3485 404 3572 (trost
421 3498 491 3569 πρὸς
503 3483 573 3565 ρλ-η·
594 3495 643 3550 sed
661 3496 731 3550 haee
750 3494 823 3550 nihil
842 3495 879 3549 ed
897 3511 964 3550 rem.
1039 3490 1114 3565 δέν]

98 3605 149 3663 ἐὰν
169 3607 199 3662 Ρ,
275 3610 307 3661 15
326 3599 433 3678 ἑτέρης]
454 3571 551 3678 ἕτέράς
569 3602 631 3674 (sie)
649 3602 680 3659 P.

916 3690 954 3744 4*
1075 3733 1077 3746 .
