2578 3984
347 200 599 256 PAOHYMERAE
618 200 879 256 PARAPHRASIS.
1054 202 1115 265 111

95 374 241 448 μενικῶς
268 363 333 429 ὑπὸ
363 366 489 429 κανόνα
516 365 591 428 τινὰ
619 365 758 447 ἄγομεν,
787 365 819 428 εί
844 362 899 428 καὶ
928 365 984 429 διὰ
1013 363 1117 448 μέσου

94 469 152 535 καὶ
177 469 212 549 ἐξ
236 471 338 554 άλλης
360 472 512 555 μεθόδου
535 473 626 536 ἔστιν
650 471 762 556 εὑρεῖν
786 472 908 549 ἀλλους
930 471 1116 548 τοιούτους·

95 576 179 654 τέως
212 601 250 660 με
282 578 348 661 μην
381 579 435 643 ὅτε
465 578 640 654 τοιούτους
671 579 765 654 τινὰς
795 576 850 643 καὶ
883 577 920 643 ἐν
951 579 1117 654 τοιούτοις

96 683 258 768 ἀριθμοῖς
273 682 342 769 μετ’
356 684 535 769 ἐπιστήμης
554 683 804 770 ε’πιταττόμεθα,
824 685 1018 750 λκανούσθω
1037 685 1116 770 ἡμῖν

97 790 114 856 6
138 793 255 857 κανὼν
279 787 385 869 οὗτος.
1143 815 1156 855 5

165 902 209 963 Εἰ
232 908 317 982 γοῦν
336 896 476 984 ἀριθμοὶ
498 899 560 964 δύο
581 900 718 964 δοθεῖεν
731 907 879 963 τοιοῦτοι
897 895 952 962 καλ
967 897 985 963 6
1001 897 1115 963 διπλά-

96 1021 171 1081 σιος
198 1008 298 1089 λόγος
325 1017 459 1091 πρῶτον
482 1005 666 1070 ἀπαιτεῖται
692 1013 752 1070 τοῦ
780 1007 930 1090 μείζονος
951 1006 1035 1089 πρὸς
1057 1004 1116 1068 τὸν

97 1110 259 1177 ἐλάττονα
282 1113 362 1196 μετά
386 1121 447 1178 τοῦ
470 1110 789 1196 προστεθησομένου
812 1109 889 1199 παρ’
906 1110 1000 1195 ἡμῶν
1019 1110 1115 1195 ἀριθ-

96 1228 179 1302 μοῦ,
213 1218 257 1294 ὡς
289 1217 331 1283 ἀν
364 1220 408 1304 μὴ
442 1217 588 1296 ἀτάκτως
621 1221 794 1303 ζητοίημεν
821 1216 877 1283 καὶ
905 1218 1115 1304 εὑρίσκοιμεν

97 1327 269 1410 δυσχερῶς
297 1328 356 1391 τὸν
384 1325 548 1411 ἀριθμόν,
576 1323 629 1390 ἐπὶ
657 1320 718 1410 μέν
743 1319 806 1389 οὖν
834 1335 901 1390 τῶν
930 1325 1115 1389 διπλασίων
1130 1350 1155 1389 10

97 1435 210 1516 λόγων
230 1433 285 1497 δεῖ
304 1438 505 1517 προσθεῖναι
523 1433 583 1497 τὸν
602 1431 704 1496 αὐτὸν
724 1431 872 1515 ἀριθμὸν
892 1431 928 1508 ὃς
946 1432 1036 1496 ἔσται
1055 1439 1115 1494 τοῦ

96 1542 249 1624 μείζονος
271 1535 332 1624 μὲν
355 1538 631 1624 ὑποτριπλάσιος,Ι
654 1545 700 1625 τῷ
725 1535 762 1602 δὲ
785 1537 936 1603 ἐλάττονι
960 1532 1046 1618 ἶσος,
1071 1537 1115 1613 ὡς

96 1645 140 1710 δν
164 1644 229 1710 ὑπὸ
252 1646 379 1710 κανόνα
402 1647 477 1710 τινδι
502 1648 643 1728 θείημεν
666 1645 706 1708 τά
733 1646 907 1728 λεγόμενα·
936 1643 1023 1709 οὕτω
1050 1644 1114 1728 γάρ

95 1753 180 1816 κατὰ
209 1753 271 1836 τὴν
298 1754 464 1836 πρόβασιν
492 1762 559 1816 τῶν
589 1761 752 1834 περιττῶν
783 1753 1115 1836 προβιβασθήσονται

97 1860 135 1924 αί
161 1859 274 1936 λύσεις
305 1870 373 1924 τῶν
400 1857 655 1943 προβλημάτων.
701 1859 784 1922 ἔστω
816 1859 934 1922 τοίνυν
962 1855 1015 1923 ἐπὶ
1045 1867 1115 1934 τοῖς
1129 1883 1154 1923 ιε

95 1966 264 2043 τοιούτοις
287 1965 323 2030 oc
343 1963 519 2050 δεδομένοι
542 1961 682 2048 ἀριθμοί
706 1965 768 2029 δύο
793 1965 811 2030 ὅ
834 1988 868 2030 τε
891 1949 933 2029 κδ
956 1963 1011 2030 καὶ
1035 1963 1052 2030 6
1077 1973 1115 2049 η,

96 2071 154 2138 καὶ
174 2076 314 2156 ζητεῖται
333 2073 351 2138 6
371 2073 544 2148 διπλάσιος
564 2075 674 2154 λόγος·
697 2074 952 2155 προστεθείσθω
972 2071 1116 2156 ἀριθμὸς

97 2180 115 2247 6
140 2180 241 2256 αὐτὸς
263 2191 333 2258 τοῖς
356 2179 456 2246 δυσὶν
479 2181 497 2246 6
520 2189 559 2265 η,
572 2178 623 2279 δς
646 2187 690 2267 τςό
715 2175 775 2264 μὲν
799 2178 960 2244 ἐλάσσονί
982 2179 1072 2243 ἐστιν
1096 2177 1114 2241 ὁ

96 2286 212 2368 αὐτός,
239 2295 301 2352 τοῦ
329 2284 366 2353 δὲ
394 2291 544 2373 μείζονος
571 2287 613 2351 κδ
641 2285 731 2351 ἐστὶν
753 2286 1031 2370 ὑποτριπλάσιος,
1059 2282 1115 2348 καὶ

95 2396 226 2477 γίνεται
248 2395 285 2457 τὸ
310 2392 504 2477 ἐπιταχθέν·
527 2395 679 2476 γίνονται
701 2393 765 2476 γάρ
790 2393 825 2457 οί
846 2391 986 2477 ἀριθμοὶ
1010 2390 1028 2455 6
1053 2388 1113 2474 μὲν
1128 2417 1154 2456 20

95 2503 218 2585 μείζων
241 2484 298 2584 λδ,
321 2500 339 2565 6
364 2497 401 2565 δὲ
424 2499 569 2565 ἐλάττων
592 2501 637 2581 ι’ς,
661 2498 699 2564 έν
723 2500 811 2585 λόγῳ
836 2499 1010 2584 διπλασίῳ.

167 2605 239 2671 Οὐκ
262 2605 449 2691 ἀγνοοῦμεν
469 2602 506 2671 δὲ
530 2607 580 2670 ὅτι
598 2602 654 2670 καὶ
672 2605 780 2679 άλλως
801 2604 838 2668 τὸ
859 2603 939 2667 αύτὸ
959 2605 1114 2668 συνίστα-

95 2737 167 2795 ται,
192 2710 264 2777 ἀλλ’
281 2713 369 2796 ὅμως
393 2711 600 2778 ἀκολουθίαν
623 2712 765 2785 κανόνος
784 2718 945 2775 συνιστῖιν
967 2707 1114 2792 θέλομεν

94 2819 153 2886 καὶ
176 2819 263 2884 οὕτω
287 2817 441 2904 λέγομεν·
469 2818 586 2884 αὐτίκα
614 2819 678 2901 γὰρ
701 2818 732 2881 εί
754 2818 890 2881 δοθεῖεν
915 2817 990 2881 ὅτε
1013 2819 1036 2900 μ
1058 2814 1114 2881 καὶ

96 2926 114 2991 ὁ
142 2929 172 3009 ῖ,
205 2923 275 2990 ἐπεὶ
306 2929 420 3010 τρίτον
443 2926 505 2991 οὐκ
537 2928 604 3010 ἔχει
636 2925 653 2991 ὁ
687 2924 725 3010 μ,
757 2932 818 2989 τοῦ
847 2919 908 3008 μὲν
940 2922 1114 3000 ἐλάττονος
1128 2947 1154 2988 25

97 3033 313 3117 λαμβάνομεν
336 3033 396 3096 τὸν
417 3031 594 3096 διπλάσιον
618 3031 655 3108 ὅς
678 3031 769 3097 ἐστιν
791 3030 1032 3107 ὑποδιπλάσιος
1054 3039 1114 3094 τοῦ

96 3143 248 3223 μείζονος
275 3135 328 3204 καί
358 3140 449 3203 ἔστιν
472 3137 490 3202 6
513 3139 549 3200 κ·
578 3133 676 3215 οὗτος
704 3140 920 3224 προστίθεται
944 3134 1000 3201 καὶ
1022 3144 1067 3225 τςό
1091 3139 1115 3219 μ

96 3245 152 3311 καὶ
176 3247 303 3329 γίνεται
327 3230 359 3329 ξ,
387 3242 509 3331 καὶτῷ
535 3246 553 3307 ι’
576 3242 632 3309 καὶ
660 3247 786 3329 γίνεται
809 3230 845 3309 λ·
873 3244 891 3311 6
916 3245 932 3322 ξ
979 3228 1114 3308 δτοῦλ

97 3353 280 3429 διπλάσιος.
318 3353 440 3437 ὁμοίως
463 3350 481 3417 6
504 3373 539 3416 τε
562 3352 584 3437 ρ
606 3351 662 3417 καὶ
685 3352 703 3419 6
725 3354 763 3417 κε
791 3350 847 3416 καὶ
874 3350 892 3416 6
920 3353 1114 3437 προσκείμε-

95 3483 155 3536 νος
173 3463 210 3541 ν,
234 3459 279 3536 ὡς
302 3463 458 3542 γίνεσθαι
481 3460 540 3524 τδν
563 3455 624 3544 μὲν
648 3463 781 3544 μείζονα
800 3461 859 3543 ρν,
883 3459 942 3523 τὸν
962 3454 999 3522 δὲ
1023 3457 1113 3523 ἐλάτ-
1127 3479 1153 3519 ιο

96 3590 179 3632 τονα
203 3571 255 3650 δε,
278 3564 334 3632 καὶ
358 3561 446 3631 εἶναι
469 3567 598 3633 ἐκεῖνον
621 3568 743 3633 τούτου
767 3568 952 3633 διπλάσιον.
