2570 3988
288 240 523 297 DIOPHANTUS
541 241 897 298 PSEUDEPIGRAPHUS.
1083 240 1105 306 5

84 403 217 468 λεπτῶν
241 405 407 481 διελόντες
430 407 477 482 είς
500 375 594 486 έτερα
618 404 680 488 ξξα,
700 404 863 475 ,ἐκάλεσαν
884 405 925 469 τά
942 407 1105 490 γενόμενα
1183 419 1186 426 “
1251 393 1255 402 ’

85 513 207 575 λεπτά
229 513 340 596 τρίτα
364 513 444 576 όντα
467 513 549 577 κατά
571 512 633 595 τῆν
656 514 771 596 τρίτην
794 512 968 596 διαίρεσιν.
1001 513 1106 589 οὕτως

86 619 297 702 διαιροῦνται
329 619 390 702 τῆν
422 628 544 704 μοῖραν
576 620 649 702 ῆτοι
681 619 812 702 μονάδα
842 619 916 701 ῆτοι
942 619 1031 684 πόδα
1060 621 1107 695 είς

85 724 296 811 <μυριάδας>
314 727 356 788 ιῖα
370 724 454 815 <ε>,
474 727 557 790 ὥστε
575 727 612 790 τὸ
632 715 744 810 τρίτον
764 726 884 790 λεπτὸν
899 726 936 790 ἓν
950 728 1106 807 γίνεσθαι

86 833 327 916 είκοστόμονον
355 832 529 918 μυριάδων
557 831 837 917 ἑξακισχιλιοστδν
859 832 1105 926 ιτῆςμονάδος*
1134 853 1147 893 5
1252 829 1257 836 '

87 940 138 1003 ἔτι
171 941 371 1022 φιλαλήθως
404 941 517 1022 ὄντες,
554 938 694 1005 ἕκαστον
725 951 793 1004 τῶν
824 941 946 1023 τρίτων
978 943 1106 1004 λεπτῶν
1146 945 1150 954 ’

86 1046 219 1110 τούτων
243 1047 369 1111 διεῖλον
393 1048 440 1122 είς
463 1044 479 1123 ξ
502 1042 557 1110 καὶ
579 1046 620 1110 τά
642 1048 806 1129 γενόμενα
825 1044 967 1113 ἐκάλουν
988 1048 1107 1110 λεπτά

29 1233 33 1240 ι
87 1153 163 1235 ῆτοι
187 1148 377 1233 έξηκοστδι
400 1151 580 1236 τέταρτα,
608 1149 664 1216 καὶ
692 1146 782 1236 εἶχον
807 1153 854 1216 ἔτι
876 1156 989 1239 πολλῷ
1013 1151 1108 1216 έλάσ-
1221 1155 1224 1164 ’

88 1275 175 1322 σοντι
198 1259 299 1341 μόρια
320 1261 556 1342 λαμβανόμενα
579 1267 636 1342 τῆς
663 1258 811 1342 μονάδος
836 1266 939 1323 ταῦτα
966 1259 1006 1323 τά
1035 1256 1107 1341 έξη-
1146 1323 1149 1332 ,

86 1365 204 1430 κοστά·
238 1362 379 1450 διῄρουν
402 1367 464 1450 γάρ
492 1365 597 1442 οὕτως
625 1366 686 1449 τῆν
713 1359 917 1449 μονάδαέίς
944 1365 1108 1449 μυριάδας
1124 1387 1148 1425 ιο

88 1458 207 1559 ,αι-εἶς’.
245 1469 416 1555 ἐπιστῆσαι
439 1466 502 1537 οὖν
526 1471 616 1537 ἐστιν
645 1470 680 1536 ἐκ
706 1472 834 1537 τούτων
858 1471 876 1537 δ
899 1480 962 1549 πᾶς
989 1473 1108 1549 κύκλος

88 1581 138 1656 είς
160 1581 248 1644 πόσα
272 1575 410 1663 διῄρητο
435 1579 490 1642 διδι
513 1578 656 1644 τούτων·
683 1578 771 1643 οὕτω
801 1579 842 1662 δὴ
871 1573 933 1644 οὖν
961 1579 1043 1644 κατὰ
1071 1580 1108 1644 τδ

88 1684 163 1769 ἑξῆς
181 1690 357 1769 προῆλθον
375 1683 470 1770 μέχρι
489 1683 593 1750 ἕκτων
612 1683 809 1768 ἑξῆκοστῶυ,
832 1688 1031 1769 ποιήσαντες
1046 1686 1108 1769 τῆν

87 1793 321 1876 ὑποδιαίρεσιν
353 1791 520 1874 ἀνάλογον
552 1794 708 1876 ἔχουσαν·
741 1795 809 1857 ἔστι
836 1793 900 1877 γάρ
929 1792 973 1868 ὡς
1004 1793 1109 1876 μονὰς

87 1900 173 1983 πρὸς
206 1896 362 1980 ἑξῆκοστδ
394 1909 526 1981 πρῶτα,
566 1898 652 1963 οὕτω
689 1908 803 1983 πρῶτα
837 1895 994 1982 έξηκοστδι
1025 1901 1109 1986 πρὸς
1123 1921 1148 1962 15

89 2007 230 2089 δεύτερα
248 2003 303 2070 καὶ
316 2006 461 2088 δεύτερα
479 2006 562 2089 πρὸς
580 2007 674 2090 τρίτα
692 2003 750 2071 καὶ
766 2009 859 2092 τρίτα
874 2007 958 2091 πρὸς
971 2005 1109 2090 τέταρτα

88 2110 145 2177 καί
170 2111 260 2195 ἑξῆς.
284 2115 352 2177 ε”στι
375 2113 439 2197 γάρ
463 2112 507 2189 ὡς
530 2113 567 2177 ἓν
589 2112 673 2197 πρὸς
696 2111 747 2193 ἕν,
777 2112 864 2177 οὕτω
893 2112 999 2177 πάντα
1027 2114 1109 2197 πρὸς

88 2217 213 2284 πάντα·’
231 2218 276 2295 ὡς’
292 2219 355 2303 γάρ
375 2217 479 2302 μονάς
496 2218 580 2303 πρὸς
598 2217 644 2295 ξολ
662 2227 684 2282 ῖι
702 2228 846 2302 πρῶτον,
865 2218 972 2296 οὕτως
988 2221 1109 2285 λεπτὸν

90 2335 112 2391 ᾶ
142 2335 278 2409 πρῶτον
307 2326 390 2411 πρὸς
422 2325 581 2411 δεύτερον
613 2321 668 2390 καὶ
701 2324 859 2410 δεύτερον
886 2326 969 2410 πρὸς
995 2328 1108 2411 τρίτον
1163 2397 1168 2408 ,

89 2429 144 2496 καὶ
169 2429 253 2514 ἑξῆς
286 2430 408 2515 ὁμοίως
435 2428 473 2496 δέ
499 2428 554 2496 καὶ
581 2432 621 2495 τά
649 2431 826 2516 ἰσάριθμα·
855 2440 874 2496 ἓ
901 2433 964 2517 γάρ
993 2444 1108 2518 μοῖραι
1122 2455 1149 2495 εο

74 2539 210 2624 Ιπρὸςὲ
232 2539 333 2604 λεπτά
355 2548 468 2623 πρῶτα
492 2538 595 2623 <τδν>
619 2538 722 2604 αὐτὸν
745 2540 847 2620 λόγον
871 2540 1005 2624 ἔχουσιν
1030 2537 1108 2603 δνὲ

89 2656 203 2729 πρῶτα
226 2646 308 2732 πρὸς
330 2643 391 2730 <ε>
414 2645 551 2729 δεύτερα
581 2642 676 2709 καὶὲ
705 2644 843 2729 δεύτερα
871 2645 954 2727 πρὸς
975 2654 993 2708 ἓ
1016 2647 1108 2729 τρίτα

88 2749 145 2816 καὶ
169 2749 241 2834 ἑξῆς
261 2750 390 2836 ὁμοίως.
426 2758 472 2838 τῷ
491 2747 553 2836 μὲν
572 2745 634 2817 οὖν
654 2753 850 2840 Πτολεμαίῳ
869 2749 983 2835 μέχρις
1003 2749 1108 2817 ἕκτων

90 2856 274 2942 ἑξῆκοστῶν
303 2856 340 2922 έν
367 2865 407 2944 τῇ
431 2855 596 2935 Συντάξει
623 2859 774 2942 πρόεισιν
802 2857 821 2941 ἡ
847 2858 1008 2942 διαίρεσις
1034 2881 1108 2940 γεν-

89 2969 192 3047 ναίως
222 2962 278 3029 καί
306 2963 451 3049 ἀκριβῶς
479 2961 670 3050 ποιουμένῳ
698 2965 756 3041 τάς
782 2964 994 3049 παραδόσεις·
1027 2964 1148 3049 ῆμῑνεε

89 3068 126 3136 δὲ
141 3071 282 3156 ἀρκείτω
296 3071 561 3156 παραδείγματος
575 3069 708 3136 ἀστείου
722 3068 779 3136 καὶ
794 3072 978 3155 εἰσαγωγῆς
994 3070 1106 3138 ἕνεκεν

88 3177 150 3255 ἕως
183 3176 349 3262 δευτέρων
380 3182 509 3242 λεπτῶν
539 3175 710 3242 τουτέστιν
737 3176 800 3254 ἕως
829 3181 877 3266 γῆ
902 3179 1108 3265 διαιρεῖσθαι

146 3378 174 3446 ‚1
196 3369 236 3435 εἰς
254 3387 308 3425 om.
328 3370 360 3425 A.
442 3375 459 3422 4
478 3367 618 3440 μυριάδας
636 3371 665 3426 et
685 3386 710 3442 ’ς
728 3369 759 3424 in
778 3369 886 3425 scholio
906 3370 1057 3440 marginali
1075 3373 1123 3436 B.¹

125 3455 325 3530 δἐίκοστομον
343 3460 377 3529 A,
397 3457 606 3528 είκοστομόριον
625 3459 657 3543 ξ.
722 3450 867 3544 11-,ασ-Ηβ
886 3458 917 3515 Β.
969 3467 1002 3514 14
1021 3460 1058 3523 ὡς
1075 3460 1107 3528 Β,

43 3549 160 3620 ,ἡΑ.
226 3553 259 3603 17
279 3547 415 3612 οὕτωςΒ.
485 3547 607 3630 λδιπρδς
626 3550 640 3614 ξ
659 3547 690 3639 Βξ
710 3547 763 3614 ἔξ
808 3590 814 3602 .
879 3554 912 3602 21
931 3548 981 3603 τόν
1000 3547 1105 3603 addidi.

126 3620 237 3692 ἔχουσιῗ
255 3621 287 3675 Α.
344 3625 377 3674 22
397 3630 410 3676 ἒ
430 3619 535 3675 add1d1.
609 3625 642 3675 25
662 3639 712 3683 τας
730 3636 783 3676 om.
804 3619 834 3676 B.
1014 3642 1017 3648 ’
