2570 3988
482 187 759 242 PROLEGOMENA.
1062 189 1125 243 XIX

114 351 300 435 recipienda
324 355 426 415 erant.
457 348 543 414 Nam
566 335 712 433 Hypatia
736 355 769 415 et
786 356 862 435 post
879 352 971 415 illam
989 350 1128 416 forsitan

102 446 311 521 ¹scholiastae
346 457 402 521 alii
435 456 554 521 alteras
586 457 764 522 solutiones
792 458 954 522 interdum
982 480 1129 542 novaque

114 563 320 648 problemata
347 564 487 648 plurima
513 551 728 646 Diophanteis
757 563 962 650 addiderant3
990 587 1128 650 quorum

113 676 240 756 partem
272 670 371 735 variis
405 671 439 734 in
471 670 551 734 locis
580 673 735 755 tanquam
770 671 943 756 genuinam
976 671 1128 737 librarius

115 778 248 844 admisit
276 775 327 864 (ut
349 777 451 861 probl.
473 776 520 859 Il,
545 780 641 862 1-7,
671 780 721 859 17,
751 779 791 844 18
816 775 903 865 etc),
931 783 1129 863 quapropter

115 887 179 950 alia
217 885 333 968 multa,
369 885 500 948 etiamsi
536 884 747 950 verisimilius
785 907 804 949 a
836 885 1025 970 Diophanto
1059 885 1129 969 ipso

116 994 247 1075 scripta,
271 991 489 1076 suspicionem
513 1013 642 1056 movere
665 995 803 1075 possunt
821 1014 880 1057 nec
900 995 987 1057 certo
1007 994 1131 1058 auctori

115 1099 272 1163 vindicari
297 1102 426 1182 queunt.

183 1204 305 1271 Contra
332 1206 460 1288 saltem,
489 1227 529 1269 ne
558 1205 707 1270 lacunam
731 1206 761 1289 Ι,
789 1206 867 1290 365,
896 1206 916 1271 5
945 1228 1132 1289 memorem,

116 1313 301 1378 Porismata
328 1313 385 1377 illa
408 1312 528 1377 omissa
550 1312 695 1394 fuerunt,
722 1335 804 1396 quae
828 1312 1034 1397 Diophantus
1057 1336 1131 1398 pro·

83 1415 84 1418 '
119 1421 271 1486 blematis
309 1420 376 1483 suis
414 1419 587 1483 aduexerat
619 1422 652 1483 et
683 1442 819 1504 quorum
851 1424 901 1484 ter
933 1419 1131 1484 mentionem

117 1526 234 1592 diserte
258 1527 381 1591 iniecit:
397 1524 539 1610 ’Ἑχομεν
563 1524 691 1602 ἐντοῖς
714 1529 916 1611 πορίσμασιν
940 1524 980 1613 (Ι,
1005 1526 1079 1609 316,
1098 1526 1132 1610 63

117 1635 195 1713 320,
223 1633 257 1717 53
291 1634 369 1711 358,
398 1633 442 1717 5).
489 1631 573 1696 Nam
606 1633 771 1716 peculiare
800 1655 894 1717 opus,
927 1633 1038 1697 eodem
1067 1655 1130 1717 quo

116 1740 305 1806 Euclideum
338 1740 434 1804 titulo
467 1739 672 1824 insignitum,
707 1737 892 1804 Porismata
924 1739 1132 1825 Diophantea

116 1847 217 1912 fuisse
236 1847 345 1912 nullus
365 1846 474 1929 cred03
492 1847 559 1910 imo
574 1868 766 1930 persuasum
783 1846 888 1912 habeo
904 1847 1133 1932 aequationum

117 1954 248 2019 secundi
272 1954 390 2038 gradus
415 1953 474 2018 sub
497 1953 604 2017 tribus
627 1953 778 2018 terminis
803 1953 1013 2036 solutionem,
1036 1975 1133 2037 quam

116 2061 267 2146 promisit
294 2060 501 2144 Diophantus
531 2059 575 2145 (l,
605 2062 661 2139 14,
689 2061 748 2144 23)
778 2058 994 2145 et1tanquam
1020 2064 1132 2124 notam

117 2169 194 2233 alibi
228 2168 367 2251 sumpsit
400 2164 461 2254 (ex.
490 2188 537 2250 gr.
564 2167 702 2252 1,·305,
731 2164 783 2253 5),
815 2167 848 2230 in
876 2167 1063 2251 porismatis
1092 2166 1133 2229 ad

63 2264 69 2278 ⁸
116 2275 219 2361 probl.
238 2275 262 2360 l,
286 2275 326 2338 27
348 2279 381 2338 et
399 2275 442 2340 30
466 2273 577 2338 datam
600 2273 712 2338 fuisse.
739 2272 791 2338 Sic
814 2274 918 2338 multa
941 2274 1006 2338 alia
1029 2273 1133 2356 poris-

117 2388 206 2447 mata
224 2381 318 2446 facile
336 2381 535 2446 divinatione
554 2380 682 2445 restitui
701 2381 752 2445 vel
772 2379 1012 2445 eBachetianis
1032 2379 1133 2464 recipi

117 2493 264 2575 possent3
279 2488 335 2552 sed
348 2489 560 2553 nihilominus
575 2487 613 2551 de
628 2486 789 2552 horrenda
804 2487 1010 2551 mutilatione
1026 2487 1132 2570 operis

6 2661 8 2666 .
118 2596 260 2680 graviter
284 2595 454 2659 dolendum
480 2598 537 2658 est.

185 2699 341 2764 Attamen
360 2723 458 2785 quum
476 2701 572 2765 hodie
591 2700 676 2764 inter
694 2699 868 2764 historicos
884 2699 1131 2763 mathematicos

119 2807 346 2872 Nessalmanni
375 2809 535 2872 sententia
563 2807 737 2891 plurimum
764 2806 886 2890 vigeat,
914 2805 1131 2870 Porismatum

119 2935 234 2998 nempe
252 2913 490 2995 deperditorum
509 2914 794 2997 recuperationem,
814 2914 842 2976 si
862 2912 1021 2996 speranda
1038 2917 1131 2996 esset,

118 3021 252 3086 maioris
267 3021 422 3084 momenti
436 3019 505 3083 fore
521 3043 616 3104 quam
633 3025 756 3104 septem
771 3019 957 3084 ultimorum
973 3020 1130 3085 librorum

117 3128 347 3209 inventionem,
357 3147 413 3190 our
422 3125 530 3190 album
540 3127 698 3191 calculum
708 3126 1131 3210 meumadiicerenequeam,

118 3236 171 3301 hio
195 3235 300 3299 obiter
323 3234 404 3297 mihi
427 3232 596 3297 dicendum
619 3237 677 3297 est.

117 3386 138 3402 κ
184 3340 223 3405 In
247 3345 371 3426 septem
396 3340 497 3404 libros
522 3339 595 3404 illos
620 3362 779 3423 quaenam
802 3344 835 3404 et
858 3338 1038 3404 cuiusmodi
1056 3360 1128 3423 pro-

118 3449 259 3512 blemata
283 3451 439 3534 congesta
463 3450 564 3530 erant,
589 3447 719 3511 omnino
744 3448 902 3511 incertum
927 3450 989 3528 est3
1012 3444 1129 3508 nihilo-

119 3555 223 3620 minus
241 3555 409 3620 materiam
425 3553 613 3638 Diophanto
628 3553 766 3618 defuisse
781 3552 967 3638 gravissimi
982 3554 1128 3615 auctores

931 3653 969 3707 bt
