2570 3988
448 245 725 299 PROLEGOMENA.
1014 241 1091 296 XXV

60 406 221 472 fuerant.
259 404 409 471 Ceterum
432 406 567 471 nitidius
592 410 740 471 exaratus
764 406 864 472 codex
886 407 942 472 ille
961 406 1027 472 304
1050 406 1091 470 ad

61 513 328 580 describendum
355 513 503 597 deinceps
535 514 654 578 electus
682 513 758 597 fuit,
788 535 848 579 nec
877 515 1092 597 antiquiorem

62 620 205 686 fontem
230 620 441 704 manuscripti
464 620 604 706 quinque
633 623 802 706 sequentes
830 620 960 684 reddere
984 621 1091 685 viden·

64 730 140 804 tur,
169 728 258 810 quod
282 727 435 810 peculiari
459 727 735 792 demonstratione
758 749 822 792 non
843 731 917 813 eget
936 750 1033 812 quum
1054 727 1112 818 de

64 834 315 899 recentioribus
339 838 463 918 agatur.

144 960 179 1022 4.
221 958 271 1023 De
297 958 445 1024 Parisino
472 962 559 1024 2379
588 957 682 1024 =0
714 955 815 1044 (olim
839 955 975 1044 Regio),
1007 959 1092 1023 inter

69 1064 208 1131 codices
232 1064 416 1132 Planudeae
446 1066 560 1131 classis
589 1066 701 1148 etiarn,
731 1066 836 1150 quoad
861 1065 940 1130 duos
967 1065 1091 1149 priores

69 1171 198 1255 libros,
230 1173 423 1237 recensendo
455 1171 527 1236 vide
559 1171 659 1256 praef.
687 1171 785 1257 primi
808 1173 870 1238 vol.
893 1168 943 1257 (p.
962 1169 1028 1256 IV)
1059 1178 1093 1237 et

74 1300 164 1363 quae
184 1278 289 1342 dicam
311 1277 395 1342 infra
415 1277 487 1364 (15)
512 1277 549 1342 de
568 1276 728 1344 Vaticano
752 1297 867 1363 graeco
887 1279 961 1343 200.
997 1277 1092 1343 Hunc

75 1385 168 1450 enim
186 1385 327 1449 codicem
344 1385 410 1448 200
429 1384 678 1449 describendum
692 1383 828 1470 elegisse
844 1383 966 1448 Romae
980 1385 1092 1449 debuit

77 1492 221 1557 Ioannes
240 1491 479 1575 Hydruntinus,
503 1496 539 1555 ut
561 1491 711 1556 Planudis
731 1491 996 1557 commentarium
1017 1490 1092 1556 Dio·

78 1599 206 1682 phanto
232 1598 435 1681 adiungeret3
463 1599 540 1662 item
570 1603 646 1683 post
672 1599 893 1684 Diophantum
918 1621 956 1663 ex
980 1597 1090 1663 eodem

79 1705 242 1770 Vaticano
261 1704 480 1789 fragmentum
500 1705 622 1769 addidit
641 1727 838 1790 anonymum
859 1706 946 1790 qnod
964 1706 998 1769 in
1021 1707 1090 1790 plu·

81 1811 176 1876 rimis
205 1811 389 1876 Planudeae
424 1811 537 1876 classis
570 1811 732 1876 codicibus
765 1812 937 1895 reperitur,
970 1811 1094 1877 scilicet

82 1923 209 2002 partem
236 1918 325 1982 illam
349 1916 473 1982 Calculi
497 1918 671 1982 secuudum
693 1916 791 1983 Indos
815 1919 848 1983 in
875 1940 972 2002 quam
999 1920 1091 1984 eden-

83 2025 158 2090 dam
183 2024 440 2109 Guelferbytano
465 2024 612 2089 Gudiano
637 2022 738 2110 (infra
758 2022 815 2111 11)
839 2023 872 2091 O.
889 2026 915 2089 I.
931 2024 1093 2091 Gerhardt

85 2128 310 2219 (pp.33-46)
329 2154 406 2196 usus
421 2131 512 2216 est¹).
546 2129 598 2195 Sic
617 2132 723 2214 primo
743 2131 857 2197 obtutu
875 2132 977 2216 priori
996 2133 1093 2197 classi

86 2239 268 2304 Parisinum
291 2237 532 2324 UabnegareS,
559 2238 708 2321 idemque
732 2241 892 2304 statueres
915 2240 954 2304 de
978 2239 1092 2304 codici-

86 2346 145 2410 bus
169 2346 240 2410 aliis
270 2342 371 2432 (infra
394 2346 445 2425 20,
470 2345 521 2429 21,
545 2346 597 2430 22,
620 2342 678 2432 23)
707 2346 762 2430 qui
789 2367 827 2410 ex
854 2345 912 2411 illo
942 2345 1093 2430 descripti

88 2454 241 2518 videntur.
294 2449 356 2516 Sed
388 2452 518 2537 integra
550 2452 680 2516 collatio
713 2452 914 2516 demonstrat
942 2451 1091 2536 Hydrun-

88 2560 188 2625 tinum
217 2562 293 2644 post
321 2560 401 2624 duos
428 2559 552 2643 priores
580 2558 681 2622 libros
710 2557 904 2622 Vaticanum
927 2559 993 2623 200
1018 2560 1091 2622 reli-

92 2670 192 2751 quisse
221 2672 253 2731 et
285 2688 315 2730 u.
340 2666 405 2731 304
435 2670 472 2729 ut
501 2666 643 2729 melioris
674 2667 771 2729 notae
803 2667 947 2728 secutum
978 2665 1091 2743 fuisse3

92 2774 215 2838 tertiam
235 2773 338 2858 igitur
358 2773 503 2851 classem,
517 2773 612 2836 'cuius
632 2770 660 2837 Ο
679 2770 829 2854 princeps
849 2770 902 2853 sit,
921 2771 981 2869 qui
1005 2771 1092 2836 volet

93 2881 281 2945 constituere
305 2879 435 2964 poterit.

155 3003 187 3088 5,
210 3006 240 3069 6.
279 3004 449 3069 Parisinus
470 3006 558 3068 2378
577 3032 619 3054 =
638 3002 670 3066 P
694 2999 788 3090 (olim
811 2998 1032 3088 Colbertinus)
1062 3006 1095 3067 et

95 3111 313 3194 Neapolitanas
330 3108 397 3173 ΙΙΙ
413 3107 493 3174 017
516 3109 556 3173 ab
581 3108 709 3192 Angelo
723 3108 889 3195 Vergetio‚
911 3109 1002 3174 cuins
1026 3132 1094 3174 rna—

96 3238 164 3281 num
190 3216 276 3281 haud
303 3215 494 3280 incelebrem
522 3214 618 3280 facile
647 3236 817 3300 agnosces,
847 3221 924 3302 post
952 3216 1094 3281 medium

160 3448 185 3514 1)
207 3444 316 3498 Nomen
339 3443 473 3497 Planudis
497 3444 654 3514 fragmento
679 3443 724 3498 illi
747 3443 778 3497 in
800 3442 891 3498 tribus
914 3445 1026 3498 tantum
1050 3460 1094 3498 co·

98 3533 196 3588 dinibus
209 3532 381 3602 praefigitur,
397 3531 624 3602 Guelferbytan0‚
638 3532 793 3604 Baginensi
807 3531 890 3601 (infra
906 3536 949 3602 13)
964 3535 993 3586 et
1009 3549 1095 3586 manu

99 3621 238 3692 posteriore
256 3621 442 3677 Ambrosiano
460 3623 486 3676 A
500 3628 532 3675 91
554 3640 613 3692 sup.
633 3622 717 3693 (infra
736 3624 787 3691 14).
