<?xml version="1.0" encoding="UTF-8"?>
<!DOCTYPE html PUBLIC "-//W3C//DTD XHTML 1.0 Transitional//EN"
    "http://www.w3.org/TR/xhtml1/DTD/xhtml1-transitional.dtd">
<html xmlns="http://www.w3.org/1999/xhtml" xml:lang="en" lang="en">
 <head>
  <title>
</title>
<meta http-equiv="Content-Type" content="text/html;charset=utf-8" />
  <meta name='ocr-system' content='tesseract 3.04.00' />
  <meta name='ocr-capabilities' content='ocr_page ocr_carea ocr_par ocr_line ocrx_word'/>
</head>
<body>
  <div class='ocr_page' id='page_1' title='image "./diophantialexan01diopgoog_0164.png"; bbox 0 0 2578 3984; ppageno 0'>
   <div class='ocr_carea' id='block_1_1' title="bbox 170 159 944 268">
    <p class='ocr_par' dir='ltr' id='par_1_1' title="bbox 170 159 944 268">
     <span class='ocr_line' id='line_1_1' title="bbox 170 159 944 268; baseline -0.016 0"><span class='ocrx_word' id='word_1_1' title='bbox 170 203 212 268; x_wconf 83' lang='lat'><strong><em>98</em></strong></span> <span class='ocrx_word' id='word_1_2' title='bbox 239 159 241 162; x_wconf 21' lang='grc' dir='ltr'>Ι</span> <span class='ocrx_word' id='word_1_3' title='bbox 415 203 666 259; x_wconf 77' lang='lat' dir='ltr'><strong>PACHYMERAE</strong></span> <span class='ocrx_word' id='word_1_4' title='bbox 686 201 944 256; x_wconf 79' lang='lat' dir='ltr'><strong>PARAPHRASIS.</strong></span> 
     </span>
    </p>
   </div>
   <div class='ocr_carea' id='block_1_2' title="bbox 88 361 1197 3120">
    <p class='ocr_par' dir='ltr' id='par_1_2' title="bbox 88 361 1197 3120">
     <span class='ocr_line' id='line_1_2' title="bbox 169 361 1192 452; baseline 0 -22"><span class='ocrx_word' id='word_1_5' title='bbox 169 370 387 452; x_wconf 81' lang='grc' dir='ltr'><strong><em>πλασιασμῶν</em></strong></span> <span class='ocrx_word' id='word_1_6' title='bbox 410 365 682 451; x_wconf 81' lang='grc' dir='ltr'><strong><em>άλλασσομένων,</em></strong></span> <span class='ocrx_word' id='word_1_7' title='bbox 712 367 821 451; x_wconf 83' lang='grc' dir='ltr'><strong><em>ὥσπερ</em></strong></span> <span class='ocrx_word' id='word_1_8' title='bbox 846 364 927 449; x_wconf 83' lang='grc' dir='ltr'><strong><em>δῆτα</em></strong></span> <span class='ocrx_word' id='word_1_9' title='bbox 954 361 1010 429; x_wconf 81' lang='grc' dir='ltr'><strong><em>καὶ</em></strong></span> <span class='ocrx_word' id='word_1_10' title='bbox 1039 362 1093 430; x_wconf 78' lang='grc' dir='ltr'><strong><em>ἐπὶ</em></strong></span> <span class='ocrx_word' id='word_1_11' title='bbox 1120 375 1192 430; x_wconf 80' lang='grc' dir='ltr'><strong><em>τῶν</em></strong></span> 
     </span>
     <span class='ocr_line' id='line_1_3' title="bbox 169 471 789 557; baseline -0.002 -21"><span class='ocrx_word' id='word_1_12' title='bbox 169 472 284 537; x_wconf 84' lang='grc' dir='ltr'><strong><em>ὑπλῶν</em></strong></span> <span class='ocrx_word' id='word_1_13' title='bbox 306 477 630 557; x_wconf 84' lang='grc' dir='ltr'><strong><em>πολλαπλασιασμῶν</em></strong></span> <span class='ocrx_word' id='word_1_14' title='bbox 653 471 789 555; x_wconf 78' lang='grc' dir='ltr'><strong><em>ἐγίνετο.</em></strong></span> 
     </span>
     <span class='ocr_line' id='line_1_4' title="bbox 236 574 1190 674; baseline -0.001 -30"><span class='ocrx_word' id='word_1_15' title='bbox 236 580 281 644; x_wconf 82' lang='grc' dir='ltr'><strong><em>Εἰ</em></strong></span> <span class='ocrx_word' id='word_1_16' title='bbox 312 576 349 644; x_wconf 73' lang='grc' dir='ltr'><strong><em>δὲ</em></strong></span> <span class='ocrx_word' id='word_1_17' title='bbox 382 578 635 663; x_wconf 81' lang='grc' dir='ltr'><strong><em>ἐπιταττοίμεθα</em></strong></span> <span class='ocrx_word' id='word_1_18' title='bbox 668 580 811 665; x_wconf 82' lang='grc' dir='ltr'><strong><em>διαιρεῖν</em></strong></span> <span class='ocrx_word' id='word_1_19' title='bbox 841 574 919 662; x_wconf 73' lang='grc' dir='ltr'><strong><em>μεθ’</em></strong></span> <span class='ocrx_word' id='word_1_20' title='bbox 954 576 1119 674; x_wconf 54' lang='grc' dir='ltr'><strong><em>ὑπε-ροχῆς</em></strong></span> <span class='ocrx_word' id='word_1_21' title='bbox 1151 577 1190 643; x_wconf 84' lang='grc' dir='ltr'><strong><em>ἐν</em></strong></span> 
     </span>
     <span class='ocr_line' id='line_1_5' title="bbox 169 682 1190 772; baseline -0.002 -22"><span class='ocrx_word' id='word_1_22' title='bbox 169 689 258 772; x_wconf 82' lang='grc' dir='ltr'><strong><em>λόγῳ</em></strong></span> <span class='ocrx_word' id='word_1_23' title='bbox 281 689 656 770; x_wconf 77' lang='grc' dir='ltr'><strong><em>πολλαπλασιεπιμερεῑ,</em></strong></span> <span class='ocrx_word' id='word_1_24' title='bbox 678 686 762 750; x_wconf 85' lang='grc' dir='ltr'><em>ἔστω</em></span> <span class='ocrx_word' id='word_1_25' title='bbox 786 684 930 769; x_wconf 81' lang='grc' dir='ltr'><strong><em>ἀριθμὸς</em></strong></span> <span class='ocrx_word' id='word_1_26' title='bbox 953 682 971 748; x_wconf 88' lang='grc' dir='ltr'><strong><em>ὑ</em></strong></span> <span class='ocrx_word' id='word_1_27' title='bbox 994 688 1032 762; x_wconf 89' lang='grc' dir='ltr'><strong><em>κζ</em></strong></span> <span class='ocrx_word' id='word_1_28' title='bbox 1054 683 1095 748; x_wconf 90' lang='grc' dir='ltr'><strong><em>δν</em></strong></span> <span class='ocrx_word' id='word_1_29' title='bbox 1119 683 1190 749; x_wconf 80' lang='grc' dir='ltr'><strong><em>ἐπι-</em></strong></span> 
     </span>
     <span class='ocr_line' id='line_1_6' title="bbox 142 787 1190 878; baseline -0.001 -20"><span class='ocrx_word' id='word_1_30' title='bbox 142 795 356 877; x_wconf 80' lang='grc' dir='ltr'><strong><em>τταττόμεθα</em></strong></span> <span class='ocrx_word' id='word_1_31' title='bbox 380 793 523 877; x_wconf 75' lang='grc' dir='ltr'><strong><em>διαιρεῖν</em></strong></span> <span class='ocrx_word' id='word_1_32' title='bbox 547 792 584 857; x_wconf 78' lang='grc' dir='ltr'><strong><em>ἐν</em></strong></span> <span class='ocrx_word' id='word_1_33' title='bbox 606 794 694 878; x_wconf 81' lang='grc' dir='ltr'><strong><em>λόγῳ</em></strong></span> <span class='ocrx_word' id='word_1_34' title='bbox 716 791 903 877; x_wconf 79' lang='grc' dir='ltr'><strong><em>ἐπιδιτρίτω</em></strong></span> <span class='ocrx_word' id='word_1_35' title='bbox 928 787 982 854; x_wconf 77' lang='grc' dir='ltr'><strong><em>καὶ</em></strong></span> <span class='ocrx_word' id='word_1_36' title='bbox 1001 790 1148 875; x_wconf 91' lang='grc' dir='ltr'><strong><em>ὑπεροχῇ</em></strong></span> <span class='ocrx_word' id='word_1_37' title='bbox 1167 801 1190 874; x_wconf 79' lang='grc' dir='ltr'><strong><em>γ</em></strong></span> 
     </span>
     <span class='ocr_line' id='line_1_7' title="bbox 169 882 1190 984; baseline -0.003 -19"><span class='ocrx_word' id='word_1_38' title='bbox 169 900 340 984; x_wconf 79' lang='grc' dir='ltr'><em>μονάδων·</em></span> <span class='ocrx_word' id='word_1_39' title='bbox 355 899 488 984; x_wconf 84' lang='grc' dir='ltr'><strong><em>ἀφαιρῶ</em></strong></span> <span class='ocrx_word' id='word_1_40' title='bbox 497 897 738 983; x_wconf 82' lang='grc' dir='ltr'><strong><em>τηνὺπεροχην</em></strong></span> <span class='ocrx_word' id='word_1_41' title='bbox 749 894 805 962; x_wconf 80' lang='grc' dir='ltr'><strong><em>καὶ</em></strong></span> <span class='ocrx_word' id='word_1_42' title='bbox 814 882 994 962; x_wconf 69' lang='grc' dir='ltr'><strong><em>τοῦιῖδτὸν</em></strong></span> <span class='ocrx_word' id='word_1_43' title='bbox 1005 897 1190 962; x_wconf 90' lang='grc' dir='ltr'><strong><em>ὑποδιπλα-</em></strong></span> 
     </span>
     <span class='ocr_line' id='line_1_8' title="bbox 169 991 1190 1092; baseline -0.001 -21"><span class='ocrx_word' id='word_1_44' title='bbox 169 1008 407 1092; x_wconf 85' lang='grc' dir='ltr'><strong><em>σιεπιδίτριτον</em></strong></span> <span class='ocrx_word' id='word_1_45' title='bbox 422 1009 504 1090; x_wconf 82' lang='grc' dir='ltr'><strong><em>ζητῶ</em></strong></span> <span class='ocrx_word' id='word_1_46' title='bbox 524 1003 578 1070; x_wconf 77' lang='grc' dir='ltr'><strong><em>καὶ</em></strong></span> <span class='ocrx_word' id='word_1_47' title='bbox 594 1008 683 1070; x_wconf 79' lang='grc' dir='ltr'><strong><em>ἔστιν</em></strong></span> <span class='ocrx_word' id='word_1_48' title='bbox 698 1004 715 1071; x_wconf 89' lang='grc' dir='ltr'>ὁ</span> <span class='ocrx_word' id='word_1_49' title='bbox 731 991 769 1068; x_wconf 66' lang='grc' dir='ltr'><strong><em>δ’</em></strong></span> <span class='ocrx_word' id='word_1_50' title='bbox 791 1011 912 1070; x_wconf 88' lang='grc' dir='ltr'><strong><em>τοῦτον</em></strong></span> <span class='ocrx_word' id='word_1_51' title='bbox 925 1005 1044 1087; x_wconf 82' lang='grc' dir='ltr'><strong><em>τίθημι</em></strong></span> <span class='ocrx_word' id='word_1_52' title='bbox 1058 1003 1190 1070; x_wconf 80' lang='grc' dir='ltr'><em>ἐλάσσω</em></span> 
     </span>
     <span class='ocr_line' id='line_1_9' title="bbox 168 1108 1190 1196; baseline -0.002 -18"><span class='ocrx_word' id='word_1_53' title='bbox 168 1111 220 1178; x_wconf 79' lang='grc' dir='ltr'><strong><em>καὶ</em></strong></span> <span class='ocrx_word' id='word_1_54' title='bbox 242 1116 302 1178; x_wconf 91' lang='grc' dir='ltr'><strong><em>τὸν</em></strong></span> <span class='ocrx_word' id='word_1_55' title='bbox 320 1114 439 1178; x_wconf 91' lang='grc' dir='ltr'><strong><em>λοιπὸν</em></strong></span> <span class='ocrx_word' id='word_1_56' title='bbox 458 1113 517 1178; x_wconf 93' lang='grc' dir='ltr'><strong><em>τὸν</em></strong></span> <span class='ocrx_word' id='word_1_57' title='bbox 536 1120 571 1194; x_wconf 58' lang='lat' dir='ltr'><strong><em>iij</em></strong></span> <span class='ocrx_word' id='word_1_58' title='bbox 589 1114 698 1195; x_wconf 74' lang='grc' dir='ltr'><strong><em>μείζω,</em></strong></span> <span class='ocrx_word' id='word_1_59' title='bbox 716 1108 771 1175; x_wconf 84' lang='grc' dir='ltr'><strong><em>καὶ</em></strong></span> <span class='ocrx_word' id='word_1_60' title='bbox 789 1113 915 1193; x_wconf 86' lang='grc' dir='ltr'><strong><em>γίνεται</em></strong></span> <span class='ocrx_word' id='word_1_61' title='bbox 932 1111 969 1175; x_wconf 88' lang='grc' dir='ltr'><strong><em>τὸ</em></strong></span> <span class='ocrx_word' id='word_1_62' title='bbox 984 1109 1190 1196; x_wconf 80' lang='grc' dir='ltr'><strong><em>προβληθέν.</em></strong></span> 
     </span>
     <span class='ocr_line' id='line_1_10' title="bbox 168 1214 1191 1302; baseline 0 -18"><span class='ocrx_word' id='word_1_63' title='bbox 168 1219 225 1285; x_wconf 79' lang='grc' dir='ltr'><strong><em>καὶ</em></strong></span> <span class='ocrx_word' id='word_1_64' title='bbox 247 1218 299 1284; x_wconf 78' lang='grc' dir='ltr'><strong><em>άεὶ</em></strong></span> <span class='ocrx_word' id='word_1_65' title='bbox 322 1219 427 1295; x_wconf 81' lang='grc' dir='ltr'><strong><em>οὑτως</em></strong></span> <span class='ocrx_word' id='word_1_66' title='bbox 450 1216 504 1282; x_wconf 78' lang='grc' dir='ltr'><strong><em>καὶ</em></strong></span> <span class='ocrx_word' id='word_1_67' title='bbox 527 1219 591 1300; x_wconf 83' lang='grc' dir='ltr'><strong><em>γάρ</em></strong></span> <span class='ocrx_word' id='word_1_68' title='bbox 614 1215 669 1281; x_wconf 83' lang='grc' dir='ltr'><strong><em>καὶ</em></strong></span> <span class='ocrx_word' id='word_1_69' title='bbox 694 1214 746 1281; x_wconf 78' lang='grc' dir='ltr'><strong><em>ἐπὶ</em></strong></span> <span class='ocrx_word' id='word_1_70' title='bbox 769 1217 901 1292; x_wconf 80' lang='grc' dir='ltr'><strong><em>τούτοις</em></strong></span> <span class='ocrx_word' id='word_1_71' title='bbox 924 1216 1059 1294; x_wconf 83' lang='grc' dir='ltr'><strong><em>σώζεται</em></strong></span> <span class='ocrx_word' id='word_1_72' title='bbox 1084 1215 1146 1302; x_wconf 75' lang='grc' dir='ltr'><strong><em>μὲν</em></strong></span> <span class='ocrx_word' id='word_1_73' title='bbox 1170 1217 1191 1284; x_wconf 89' lang='grc' dir='ltr'>ὁ</span> 
     </span>
     <span class='ocr_line' id='line_1_11' title="bbox 129 1319 1190 1408; baseline -0.002 -17"><span class='ocrx_word' id='word_1_74' title='bbox 129 1326 496 1407; x_wconf 81' lang='grc' dir='ltr'><strong><em>ιοπολλαπλασιασμός,</em></strong></span> <span class='ocrx_word' id='word_1_75' title='bbox 529 1325 569 1388; x_wconf 82' lang='grc' dir='ltr'><strong><em>τά</em></strong></span> <span class='ocrx_word' id='word_1_76' title='bbox 599 1319 636 1388; x_wconf 72' lang='grc' dir='ltr'><strong><em>δὲ</em></strong></span> <span class='ocrx_word' id='word_1_77' title='bbox 664 1322 746 1408; x_wconf 89' lang='grc' dir='ltr'><strong><em>με’ρη</em></strong></span> <span class='ocrx_word' id='word_1_78' title='bbox 778 1322 1009 1408; x_wconf 69' lang='grc' dir='ltr'><em>ἀλλασσόμεναι</em></span> <span class='ocrx_word' id='word_1_79' title='bbox 1035 1325 1076 1388; x_wconf 87' lang='grc' dir='ltr'><strong><em>τά</em></strong></span> <span class='ocrx_word' id='word_1_80' title='bbox 1105 1324 1190 1389; x_wconf 84' lang='grc' dir='ltr'><strong><em>αὑτά</em></strong></span> 
     </span>
     <span class='ocr_line' id='line_1_12' title="bbox 168 1427 1192 1516; baseline 0 -20"><span class='ocrx_word' id='word_1_81' title='bbox 168 1441 239 1508; x_wconf 82' lang='grc' dir='ltr'><strong><em>τοῖς</em></strong></span> <span class='ocrx_word' id='word_1_82' title='bbox 257 1430 367 1507; x_wconf 82' lang='grc' dir='ltr'><strong><em>ἁπλῶς</em></strong></span> <span class='ocrx_word' id='word_1_83' title='bbox 385 1427 441 1494; x_wconf 83' lang='grc' dir='ltr'><strong><em>καὶ</em></strong></span> <span class='ocrx_word' id='word_1_84' title='bbox 461 1431 536 1515; x_wconf 88' lang='grc' dir='ltr'><strong><em>δίχα</em></strong></span> <span class='ocrx_word' id='word_1_85' title='bbox 554 1437 616 1495; x_wconf 86' lang='grc' dir='ltr'><strong><em>τοῦ</em></strong></span> <span class='ocrx_word' id='word_1_86' title='bbox 634 1434 956 1514; x_wconf 87' lang='grc' dir='ltr'><strong><em>πολλαπλασιασμοῦ</em></strong></span> <span class='ocrx_word' id='word_1_87' title='bbox 976 1430 1192 1516; x_wconf 81' lang='grc' dir='ltr'><strong><em>ζητουμένοις</em></strong></span> 
     </span>
     <span class='ocr_line' id='line_1_13' title="bbox 169 1527 1190 1625; baseline 0.003 -22"><span class='ocrx_word' id='word_1_88' title='bbox 169 1539 339 1617; x_wconf 80' lang='grc' dir='ltr'><strong><em>σώζονται.</em></strong></span> <span class='ocrx_word' id='word_1_89' title='bbox 372 1527 446 1602; x_wconf 84' lang='grc' dir='ltr'><strong><em>οἷον</em></strong></span> <span class='ocrx_word' id='word_1_90' title='bbox 469 1538 552 1601; x_wconf 79' lang='grc' dir='ltr'><em>ἔστω</em></span> <span class='ocrx_word' id='word_1_91' title='bbox 578 1540 684 1620; x_wconf 80' lang='grc' dir='ltr'><strong><em>ζητεῖν</em></strong></span> <span class='ocrx_word' id='word_1_92' title='bbox 707 1537 792 1621; x_wconf 74' lang='grc' dir='ltr'><strong><em>ἡμᾶς</em></strong></span> <span class='ocrx_word' id='word_1_93' title='bbox 815 1537 958 1623; x_wconf 78' lang='grc' dir='ltr'><strong><em>διαιρεῖν</em></strong></span> <span class='ocrx_word' id='word_1_94' title='bbox 982 1536 1019 1602; x_wconf 83' lang='grc' dir='ltr'><strong><em>ἐν</em></strong></span> <span class='ocrx_word' id='word_1_95' title='bbox 1042 1539 1190 1625; x_wconf 80' lang='grc' dir='ltr'><strong><em>ὑπεροχῇ</em></strong></span> 
     </span>
     <span class='ocr_line' id='line_1_14' title="bbox 169 1629 1189 1731; baseline 0.003 -22"><span class='ocrx_word' id='word_1_96' title='bbox 169 1642 251 1731; x_wconf 78' lang='grc' dir='ltr'><strong><em>φέρε</em></strong></span> <span class='ocrx_word' id='word_1_97' title='bbox 276 1629 296 1708; x_wconf 89' lang='grc' dir='ltr'><strong><em>δ</em></strong></span> <span class='ocrx_word' id='word_1_98' title='bbox 320 1643 478 1729; x_wconf 78' lang='grc' dir='ltr'><strong><em>μονάδων</em></strong></span> <span class='ocrx_word' id='word_1_99' title='bbox 501 1642 557 1708; x_wconf 78' lang='grc' dir='ltr'><strong><em>καὶ</em></strong></span> <span class='ocrx_word' id='word_1_100' title='bbox 581 1645 669 1731; x_wconf 80' lang='grc' dir='ltr'><strong><em>λόγῳ</em></strong></span> <span class='ocrx_word' id='word_1_101' title='bbox 693 1642 958 1731; x_wconf 76' lang='grc' dir='ltr'><strong><em>ἑπιτριτετάρτω,</em></strong></span> <span class='ocrx_word' id='word_1_102' title='bbox 982 1643 1037 1710; x_wconf 81' lang='grc' dir='ltr'><strong><em>καὶ</em></strong></span> <span class='ocrx_word' id='word_1_103' title='bbox 1060 1648 1145 1712; x_wconf 82' lang='grc' dir='ltr'><em>ἔστω</em></span> <span class='ocrx_word' id='word_1_104' title='bbox 1168 1645 1189 1711; x_wconf 86' lang='grc' dir='ltr'><strong><em>ὑ</em></strong></span> 
     </span>
     <span class='ocr_line' id='line_1_15' title="bbox 168 1749 1190 1838; baseline 0.003 -24"><span class='ocrx_word' id='word_1_105' title='bbox 168 1755 204 1816; x_wconf 67' lang='grc' dir='ltr'><strong><em>’τε</em></strong></span> <span class='ocrx_word' id='word_1_106' title='bbox 228 1750 370 1835; x_wconf 77' lang='grc' dir='ltr'><strong><em>ἀριθμὸς</em></strong></span> <span class='ocrx_word' id='word_1_107' title='bbox 394 1749 434 1815; x_wconf 85' lang='grc' dir='ltr'><strong><em>δν</em></strong></span> <span class='ocrx_word' id='word_1_108' title='bbox 457 1750 600 1836; x_wconf 79' lang='grc' dir='ltr'><strong><em>διαιρεῖν</em></strong></span> <span class='ocrx_word' id='word_1_109' title='bbox 624 1750 864 1835; x_wconf 82' lang='grc' dir='ltr'><strong><em>ἐπιταττόμεθα</em></strong></span> <span class='ocrx_word' id='word_1_110' title='bbox 892 1749 929 1815; x_wconf 83' lang='grc' dir='ltr'><strong><em>ἐν</em></strong></span> <span class='ocrx_word' id='word_1_111' title='bbox 956 1750 1101 1838; x_wconf 89' lang='grc' dir='ltr'><strong><em>ὑπεροχῇ</em></strong></span> <span class='ocrx_word' id='word_1_112' title='bbox 1130 1777 1190 1838; x_wconf 92' lang='grc' dir='ltr'><strong><em>μο-</em></strong></span> 
     </span>
     <span class='ocr_line' id='line_1_16' title="bbox 130 1842 1191 1945; baseline 0 -21"><span class='ocrx_word' id='word_1_113' title='bbox 130 1884 155 1924; x_wconf 89' lang='lat'><strong><em>15</em></strong></span> <span class='ocrx_word' id='word_1_114' title='bbox 169 1859 284 1924; x_wconf 92' lang='grc' dir='ltr'><strong><em>νάδων</em></strong></span> <span class='ocrx_word' id='word_1_115' title='bbox 302 1842 324 1922; x_wconf 88' lang='grc' dir='ltr'><strong><em>δ</em></strong></span> <span class='ocrx_word' id='word_1_116' title='bbox 337 1853 393 1922; x_wconf 79' lang='grc' dir='ltr'><strong><em>καὶ</em></strong></span> <span class='ocrx_word' id='word_1_117' title='bbox 407 1857 495 1943; x_wconf 77' lang='grc' dir='ltr'><strong><em>λόγῳ</em></strong></span> <span class='ocrx_word' id='word_1_118' title='bbox 511 1855 776 1945; x_wconf 78' lang='grc' dir='ltr'><strong><em>ἐπιτριτετάρτω·</em></strong></span> <span class='ocrx_word' id='word_1_119' title='bbox 796 1857 929 1941; x_wconf 82' lang='grc' dir='ltr'><em>ἀφαιρῶ</em></span> <span class='ocrx_word' id='word_1_120' title='bbox 943 1858 1005 1942; x_wconf 77' lang='grc' dir='ltr'><strong><em>τὴν</em></strong></span> <span class='ocrx_word' id='word_1_121' title='bbox 1019 1859 1191 1944; x_wconf 79' lang='grc' dir='ltr'><strong><em>ὑπεροχὴν</em></strong></span> 
     </span>
     <span class='ocr_line' id='line_1_17' title="bbox 169 1962 1190 2052; baseline 0.002 -22"><span class='ocrx_word' id='word_1_122' title='bbox 169 1963 224 2030; x_wconf 79' lang='grc' dir='ltr'><strong><em>καὶ</em></strong></span> <span class='ocrx_word' id='word_1_123' title='bbox 251 1973 312 2030; x_wconf 89' lang='grc' dir='ltr'><strong><em>τοῦ</em></strong></span> <span class='ocrx_word' id='word_1_124' title='bbox 336 1962 539 2048; x_wconf 82' lang='grc' dir='ltr'><strong><em>λειπομένου</em></strong></span> <span class='ocrx_word' id='word_1_125' title='bbox 567 1968 603 2026; x_wconf 81' lang='grc' dir='ltr'><strong><em>ῑᾶ</em></strong></span> <span class='ocrx_word' id='word_1_126' title='bbox 629 1965 689 2030; x_wconf 90' lang='grc' dir='ltr'><strong><em>τὸν</em></strong></span> <span class='ocrx_word' id='word_1_127' title='bbox 716 1965 1190 2052; x_wconf 83' lang='grc' dir='ltr'><strong><em>ὑποδιπλασιεπιτριτέταρτον</em></strong></span> 
     </span>
     <span class='ocr_line' id='line_1_18' title="bbox 117 2055 1197 2155; baseline 0.002 -19"><span class='ocrx_word' id='word_1_128' title='bbox 117 2131 120 2135; x_wconf 95' lang='grc'>.</span> <span class='ocrx_word' id='word_1_129' title='bbox 171 2076 263 2155; x_wconf 84' lang='grc' dir='ltr'><strong><em>ζητῶ,</em></strong></span> <span class='ocrx_word' id='word_1_130' title='bbox 288 2071 323 2148; x_wconf 84' lang='grc' dir='ltr'><strong><em>ὅς</em></strong></span> <span class='ocrx_word' id='word_1_131' title='bbox 343 2070 434 2136; x_wconf 81' lang='grc' dir='ltr'><strong><em>ἐστιν</em></strong></span> <span class='ocrx_word' id='word_1_132' title='bbox 458 2070 476 2135; x_wconf 89' lang='grc' dir='ltr'><strong><em>δ</em></strong></span> <span class='ocrx_word' id='word_1_133' title='bbox 500 2055 534 2135; x_wconf 88' lang='grc' dir='ltr'><strong><em>δ·</em></strong></span> <span class='ocrx_word' id='word_1_134' title='bbox 562 2080 682 2137; x_wconf 88' lang='grc' dir='ltr'><strong><em>τοῦτον</em></strong></span> <span class='ocrx_word' id='word_1_135' title='bbox 706 2074 823 2155; x_wconf 84' lang='grc' dir='ltr'><strong><em>τίθημι</em></strong></span> <span class='ocrx_word' id='word_1_136' title='bbox 847 2071 1018 2155; x_wconf 81' lang='grc' dir='ltr'><strong><em>ὑπόλογον</em></strong></span> <span class='ocrx_word' id='word_1_137' title='bbox 1044 2069 1101 2136; x_wconf 81' lang='grc' dir='ltr'><strong><em>καὶ</em></strong></span> <span class='ocrx_word' id='word_1_138' title='bbox 1128 2074 1197 2149; x_wconf 82' lang='grc' dir='ltr'><strong><em>τὸν</em></strong></span> 
     </span>
     <span class='ocr_line' id='line_1_19' title="bbox 168 2177 1190 2264; baseline 0.003 -23"><span class='ocrx_word' id='word_1_139' title='bbox 168 2181 204 2242; x_wconf 79' lang='grc' dir='ltr'><em>ῖᾶ</em></span> <span class='ocrx_word' id='word_1_140' title='bbox 227 2189 372 2243; x_wconf 85' lang='grc' dir='ltr'><strong><em>συνιστῶ</em></strong></span> <span class='ocrx_word' id='word_1_141' title='bbox 396 2180 577 2263; x_wconf 80' lang='grc' dir='ltr'><strong><em>πρόλογον·</em></strong></span> <span class='ocrx_word' id='word_1_142' title='bbox 601 2177 656 2243; x_wconf 78' lang='grc' dir='ltr'><strong><em>καὶ</em></strong></span> <span class='ocrx_word' id='word_1_143' title='bbox 680 2180 771 2244; x_wconf 79' lang='grc' dir='ltr'><strong><em>ἔστιν</em></strong></span> <span class='ocrx_word' id='word_1_144' title='bbox 794 2177 812 2243; x_wconf 88' lang='grc' dir='ltr'><strong><em>ὑ</em></strong></span> <span class='ocrx_word' id='word_1_145' title='bbox 838 2180 874 2243; x_wconf 65' lang='grc' dir='ltr'><strong><em>ωε</em></strong></span> <span class='ocrx_word' id='word_1_146' title='bbox 897 2177 934 2244; x_wconf 83' lang='grc' dir='ltr'><strong><em>ἐν</em></strong></span> <span class='ocrx_word' id='word_1_147' title='bbox 957 2178 1103 2264; x_wconf 77' lang='grc' dir='ltr'><strong><em>ὑπεροχῇ</em></strong></span> <span class='ocrx_word' id='word_1_148' title='bbox 1127 2177 1190 2264; x_wconf 71' lang='grc' dir='ltr'><strong><em>μὲν</em></strong></span> 
     </span>
     <span class='ocr_line' id='line_1_20' title="bbox 169 2269 1190 2373; baseline 0.003 -25"><span class='ocrx_word' id='word_1_149' title='bbox 169 2284 328 2369; x_wconf 79' lang='grc' dir='ltr'><strong><em>μονάδων</em></strong></span> <span class='ocrx_word' id='word_1_150' title='bbox 347 2270 378 2368; x_wconf 85' lang='grc' dir='ltr'><strong><em>δ,</em></strong></span> <span class='ocrx_word' id='word_1_151' title='bbox 403 2284 440 2349; x_wconf 84' lang='grc' dir='ltr'><strong><em>ἐν</em></strong></span> <span class='ocrx_word' id='word_1_152' title='bbox 462 2286 550 2373; x_wconf 76' lang='grc' dir='ltr'><strong><em>λόγῳ</em></strong></span> <span class='ocrx_word' id='word_1_153' title='bbox 575 2280 611 2349; x_wconf 76' lang='grc' dir='ltr'><strong><em>δδ</em></strong></span> <span class='ocrx_word' id='word_1_154' title='bbox 635 2283 885 2372; x_wconf 79' lang='grc' dir='ltr'><strong><em>ἐπιτριτετάρτω</em></strong></span> <span class='ocrx_word' id='word_1_155' title='bbox 909 2288 993 2370; x_wconf 81' lang='grc' dir='ltr'><strong><em>πρὸς</em></strong></span> <span class='ocrx_word' id='word_1_156' title='bbox 1014 2286 1074 2350; x_wconf 91' lang='grc' dir='ltr'><strong><em>τὸν</em></strong></span> <span class='ocrx_word' id='word_1_157' title='bbox 1097 2269 1133 2350; x_wconf 79' lang='grc' dir='ltr'><strong><em>δ’</em></strong></span> <span class='ocrx_word' id='word_1_158' title='bbox 1170 2286 1190 2351; x_wconf 88' lang='grc' dir='ltr'><strong><em>δ</em></strong></span> 
     </span>
     <span class='ocr_line' id='line_1_21' title="bbox 130 2377 1189 2478; baseline 0.002 -22"><span class='ocrx_word' id='word_1_159' title='bbox 130 2418 156 2456; x_wconf 80' lang='grc' dir='ltr'><strong><em>ιο</em></strong></span> <span class='ocrx_word' id='word_1_160' title='bbox 169 2392 232 2475; x_wconf 83' lang='grc' dir='ltr'><strong><em>γάρ</em></strong></span> <span class='ocrx_word' id='word_1_161' title='bbox 257 2394 274 2470; x_wconf 82' lang='grc' dir='ltr'><strong><em>ζ</em></strong></span> <span class='ocrx_word' id='word_1_162' title='bbox 294 2400 355 2457; x_wconf 85' lang='grc' dir='ltr'><strong><em>τοῦ</em></strong></span> <span class='ocrx_word' id='word_1_163' title='bbox 376 2377 399 2456; x_wconf 88' lang='grc' dir='ltr'><strong><em>δ</em></strong></span> <span class='ocrx_word' id='word_1_164' title='bbox 422 2390 690 2478; x_wconf 76' lang='grc' dir='ltr'><strong><em>ἐπιτριτέταρτος.</em></strong></span> <span class='ocrx_word' id='word_1_165' title='bbox 722 2389 895 2458; x_wconf 79' lang='grc' dir='ltr'><strong><em>τοῦτοκαὶ</em></strong></span> <span class='ocrx_word' id='word_1_166' title='bbox 916 2391 1057 2458; x_wconf 78' lang='grc' dir='ltr'><strong><em>ἐπὶτῶν</em></strong></span> <span class='ocrx_word' id='word_1_167' title='bbox 1076 2394 1189 2458; x_wconf 88' lang='grc' dir='ltr'><strong><em>άλλων</em></strong></span> 
     </span>
     <span class='ocr_line' id='line_1_22' title="bbox 170 2499 438 2581; baseline 0.004 -19"><span class='ocrx_word' id='word_1_168' title='bbox 170 2499 280 2580; x_wconf 86' lang='grc' dir='ltr'><strong><em>λόγων</em></strong></span> <span class='ocrx_word' id='word_1_169' title='bbox 302 2501 438 2581; x_wconf 88' lang='grc' dir='ltr'><strong><em>γίνεται.</em></strong></span> 
     </span>
     <span class='ocr_line' id='line_1_23' title="bbox 237 2603 1191 2692; baseline 0.004 -22"><span class='ocrx_word' id='word_1_170' title='bbox 237 2611 286 2674; x_wconf 81' lang='grc' dir='ltr'><strong><em>λς.</em></strong></span> <span class='ocrx_word' id='word_1_171' title='bbox 327 2607 372 2670; x_wconf 82' lang='grc' dir='ltr'><strong><em>Εἰ</em></strong></span> <span class='ocrx_word' id='word_1_172' title='bbox 399 2603 435 2670; x_wconf 73' lang='grc' dir='ltr'><strong><em>δὲ</em></strong></span> <span class='ocrx_word' id='word_1_173' title='bbox 464 2607 511 2683; x_wconf 79' lang='grc' dir='ltr'><strong><em>εἰς</em></strong></span> <span class='ocrx_word' id='word_1_174' title='bbox 538 2608 659 2690; x_wconf 82' lang='grc' dir='ltr'><strong><em>λόγους</em></strong></span> <span class='ocrx_word' id='word_1_175' title='bbox 690 2603 744 2671; x_wconf 80' lang='grc' dir='ltr'><strong><em>καὶ</em></strong></span> <span class='ocrx_word' id='word_1_176' title='bbox 773 2609 898 2686; x_wconf 76' lang='grc' dir='ltr'><strong><em>λείψεις</em></strong></span> <span class='ocrx_word' id='word_1_177' title='bbox 924 2607 989 2684; x_wconf 73' lang='grc' dir='ltr'><strong><em>τάςΙ</em></strong></span> <span class='ocrx_word' id='word_1_178' title='bbox 1011 2606 1191 2692; x_wconf 76' lang='grc' dir='ltr'><strong><em>διαιρέσεις</em></strong></span> 
     </span>
     <span class='ocr_line' id='line_1_24' title="bbox 169 2711 1190 2800; baseline 0.004 -24"><span class='ocrx_word' id='word_1_179' title='bbox 169 2722 237 2777; x_wconf 80' lang='grc' dir='ltr'><strong><em>τῶν</em></strong></span> <span class='ocrx_word' id='word_1_180' title='bbox 258 2711 413 2797; x_wconf 79' lang='grc' dir='ltr'><strong><em>ἀριθμῶν</em></strong></span> <span class='ocrx_word' id='word_1_181' title='bbox 434 2712 699 2798; x_wconf 79' lang='grc' dir='ltr'><strong><em>ἐπιταττοίμεθα,</em></strong></span> <span class='ocrx_word' id='word_1_182' title='bbox 719 2713 806 2779; x_wconf 90' lang='grc' dir='ltr'><strong><em>οὑτω</em></strong></span> <span class='ocrx_word' id='word_1_183' title='bbox 825 2735 895 2790; x_wconf 78' lang='grc' dir='ltr'><strong><em>πως</em></strong></span> <span class='ocrx_word' id='word_1_184' title='bbox 912 2715 953 2779; x_wconf 82' lang='grc' dir='ltr'><strong><em>τὰ</em></strong></span> <span class='ocrx_word' id='word_1_185' title='bbox 970 2717 1190 2800; x_wconf 80' lang='grc' dir='ltr'><strong><em>προβλήματα</em></strong></span> 
     </span>
     <span class='ocr_line' id='line_1_25' title="bbox 88 2820 315 2905; baseline -0.004 -20"><span class='ocrx_word' id='word_1_186' title='bbox 88 2900 90 2905; x_wconf 21' lang='grc' dir='ltr'>Ι</span> <span class='ocrx_word' id='word_1_187' title='bbox 170 2820 315 2898; x_wconf 87' lang='grc' dir='ltr'><strong><em>λύονται.</em></strong></span> 
     </span>
     <span class='ocr_line' id='line_1_26' title="bbox 131 2926 1191 3014; baseline 0.004 -24"><span class='ocrx_word' id='word_1_188' title='bbox 131 2950 157 2990; x_wconf 73' lang='grc' dir='ltr'><strong><em>ιτ</em></strong></span> <span class='ocrx_word' id='word_1_189' title='bbox 240 2929 413 3009; x_wconf 79' lang='grc' dir='ltr'><strong><em>Ζητείσθω</em></strong></span> <span class='ocrx_word' id='word_1_190' title='bbox 436 2937 570 3012; x_wconf 81' lang='grc' dir='ltr'><strong><em>πρῶτον</em></strong></span> <span class='ocrx_word' id='word_1_191' title='bbox 590 2928 751 3014; x_wconf 84' lang='grc' dir='ltr'><strong><em>διαίρεσις</em></strong></span> <span class='ocrx_word' id='word_1_192' title='bbox 769 2926 917 3012; x_wconf 81' lang='grc' dir='ltr'><strong><em>ἀριθμοῦ</em></strong></span> <span class='ocrx_word' id='word_1_193' title='bbox 937 2929 984 3004; x_wconf 79' lang='grc' dir='ltr'><strong><em>εἰς</em></strong></span> <span class='ocrx_word' id='word_1_194' title='bbox 1003 2933 1114 3007; x_wconf 84' lang='grc' dir='ltr'><strong><em>λεϊψιν</em></strong></span> <span class='ocrx_word' id='word_1_195' title='bbox 1132 2927 1191 2995; x_wconf 79' lang='grc' dir='ltr'><strong><em>καὶ</em></strong></span> 
     </span>
     <span class='ocr_line' id='line_1_27' title="bbox 170 3020 1190 3120; baseline 0.005 -23"><span class='ocrx_word' id='word_1_196' title='bbox 170 3034 272 3115; x_wconf 88' lang='grc' dir='ltr'><strong><em>λόγον</em></strong></span> <span class='ocrx_word' id='word_1_197' title='bbox 296 3033 488 3116; x_wconf 85' lang='grc' dir='ltr'><strong><em>διπλάσιον,</em></strong></span> <span class='ocrx_word' id='word_1_198' title='bbox 515 3031 570 3097; x_wconf 78' lang='grc' dir='ltr'><strong><em>καὶ</em></strong></span> <span class='ocrx_word' id='word_1_199' title='bbox 594 3036 677 3099; x_wconf 83' lang='grc' dir='ltr'><strong><em>ἔστω</em></strong></span> <span class='ocrx_word' id='word_1_200' title='bbox 701 3033 720 3099; x_wconf 89' lang='grc' dir='ltr'>ὁ</span> <span class='ocrx_word' id='word_1_201' title='bbox 743 3034 888 3119; x_wconf 76' lang='grc' dir='ltr'><strong><em>ἀριθμὸς</em></strong></span> <span class='ocrx_word' id='word_1_202' title='bbox 909 3020 948 3113; x_wconf 62' lang='grc' dir='ltr'><strong><em>κζ</em></strong></span> <span class='ocrx_word' id='word_1_203' title='bbox 975 3033 1015 3099; x_wconf 88' lang='grc' dir='ltr'><strong><em>δν</em></strong></span> <span class='ocrx_word' id='word_1_204' title='bbox 1044 3036 1190 3120; x_wconf 78' lang='grc' dir='ltr'><strong><em>διαιρεῖν</em></strong></span> 
     </span>
    </p>
   </div>
   <div class='ocr_carea' id='block_1_3' title="bbox 171 3137 1287 3225">
    <p class='ocr_par' dir='ltr' id='par_1_3' title="bbox 171 3137 1287 3225">
     <span class='ocr_line' id='line_1_28' title="bbox 171 3137 1287 3225; baseline 0.003 -21"><span class='ocrx_word' id='word_1_205' title='bbox 171 3137 410 3223; x_wconf 81' lang='grc' dir='ltr'><strong><em>ἐπιταττόμεθα</em></strong></span> <span class='ocrx_word' id='word_1_206' title='bbox 445 3137 482 3204; x_wconf 80' lang='grc' dir='ltr'><strong><em>ἐν</em></strong></span> <span class='ocrx_word' id='word_1_207' title='bbox 514 3141 621 3217; x_wconf 77' lang='grc' dir='ltr'><strong><em>λείψει</em></strong></span> <span class='ocrx_word' id='word_1_208' title='bbox 650 3148 671 3222; x_wconf 82' lang='grc' dir='ltr'><strong><em>γ</em></strong></span> <span class='ocrx_word' id='word_1_209' title='bbox 698 3142 869 3225; x_wconf 79' lang='grc' dir='ltr'><strong><em>μονάδων·</em></strong></span> <span class='ocrx_word' id='word_1_210' title='bbox 901 3139 1139 3225; x_wconf 79' lang='grc' dir='ltr'><strong><em>προστνδέσθω</em></strong></span> <span class='ocrx_word' id='word_1_211' title='bbox 1167 3141 1189 3224; x_wconf 79' lang='grc' dir='ltr'><em>ἡ</em></span> <span class='ocrx_word' id='word_1_212' title='bbox 1285 3143 1287 3162; x_wconf 63' lang='lat'><strong><em>¹</em></strong></span> 
     </span>
    </p>
   </div>
   <div class='ocr_carea' id='block_1_4' title="bbox 171 3243 1190 3333">
    <p class='ocr_par' dir='ltr' id='par_1_4' title="bbox 171 3243 1190 3333">
     <span class='ocr_line' id='line_1_29' title="bbox 171 3243 1190 3333; baseline 0.002 -23"><span class='ocrx_word' id='word_1_213' title='bbox 171 3249 278 3323; x_wconf 82' lang='grc' dir='ltr'><strong><em>λείψις</em></strong></span> <span class='ocrx_word' id='word_1_214' title='bbox 291 3243 345 3311; x_wconf 79' lang='grc' dir='ltr'><strong><em>καὶ</em></strong></span> <span class='ocrx_word' id='word_1_215' title='bbox 359 3254 419 3312; x_wconf 87' lang='grc' dir='ltr'><strong><em>τοῦ</em></strong></span> <span class='ocrx_word' id='word_1_216' title='bbox 433 3245 614 3331; x_wconf 72' lang='grc' dir='ltr'><strong><em>γινομένου</em></strong></span> <span class='ocrx_word' id='word_1_217' title='bbox 629 3250 688 3312; x_wconf 88' lang='grc' dir='ltr'><strong><em>τὸν</em></strong></span> <span class='ocrx_word' id='word_1_218' title='bbox 702 3248 988 3333; x_wconf 85' lang='grc' dir='ltr'><strong><em>ὑποτριπλασίονα</em></strong></span> <span class='ocrx_word' id='word_1_219' title='bbox 1007 3251 1190 3333; x_wconf 78' lang='grc' dir='ltr'><strong><em>ζητήσομεν</em></strong></span> 
     </span>
    </p>
   </div>
   <div class='ocr_carea' id='block_1_5' title="bbox 170 3435 1190 3654">
    <p class='ocr_par' dir='ltr' id='par_1_5' title="bbox 170 3435 1190 3654">
     <span class='ocr_line' id='line_1_30' title="bbox 242 3435 1189 3511; baseline 0.002 -19"><span class='ocrx_word' id='word_1_220' title='bbox 242 3444 258 3492; x_wconf 84' lang='lat'>5</span> <span class='ocrx_word' id='word_1_221' title='bbox 278 3435 445 3511; x_wconf 78' lang='grc' dir='ltr'><strong><em>ἑπιδιτρίτῳ.</em></strong></span> <span class='ocrx_word' id='word_1_222' title='bbox 478 3437 613 3493; x_wconf 75' lang='lat' dir='ltr'><strong>Rationes</strong></span> <span class='ocrx_word' id='word_1_223' title='bbox 627 3440 705 3494; x_wconf 84' lang='lat' dir='ltr'><strong>haud</strong></span> <span class='ocrx_word' id='word_1_224' title='bbox 718 3445 1042 3511; x_wconf 80' lang='grc' dir='ltr'><strong><em>πολλαπλασιεπιμερεῖς,</em></strong></span> <span class='ocrx_word' id='word_1_225' title='bbox 1062 3440 1112 3494; x_wconf 85' lang='lat' dir='ltr'><strong><em>sed</em></strong></span> <span class='ocrx_word' id='word_1_226' title='bbox 1127 3435 1189 3496; x_wconf 78' lang='grc' dir='ltr'><strong><em>ἑπι-</em></strong></span> 
     </span>
     <span class='ocr_line' id='line_1_31' title="bbox 171 3509 1190 3593; baseline 0 -28"><span class='ocrx_word' id='word_1_227' title='bbox 171 3517 275 3581; x_wconf 83' lang='grc' dir='ltr'><strong><em>μερεῑς,</em></strong></span> <span class='ocrx_word' id='word_1_228' title='bbox 304 3512 338 3564; x_wconf 84' lang='grc' dir='ltr'><strong><em>δε</em></strong></span> <span class='ocrx_word' id='word_1_229' title='bbox 362 3509 464 3579; x_wconf 82' lang='lat' dir='ltr'>quibus</span> <span class='ocrx_word' id='word_1_230' title='bbox 488 3509 546 3563; x_wconf 84' lang='lat' dir='ltr'><strong><em>iam</em></strong></span> <span class='ocrx_word' id='word_1_231' title='bbox 574 3513 659 3591; x_wconf 66' lang='grc' dir='ltr'><strong><em>αατοα</em></strong></span> <span class='ocrx_word' id='word_1_232' title='bbox 686 3511 798 3593; x_wconf 48' lang='lat' dir='ltr'>{ocutus</span> <span class='ocrx_word' id='word_1_233' title='bbox 822 3515 878 3582; x_wconf 77' lang='lat' dir='ltr'><strong>est,</strong></span> <span class='ocrx_word' id='word_1_234' title='bbox 907 3512 1060 3568; x_wconf 79' lang='lat' dir='ltr'>oscitanter</span> <span class='ocrx_word' id='word_1_235' title='bbox 1082 3511 1190 3581; x_wconf 75' lang='lat' dir='ltr'><strong>repetit</strong></span> 
     </span>
     <span class='ocr_line' id='line_1_32' title="bbox 170 3581 1011 3654; baseline 0.002 -18"><span class='ocrx_word' id='word_1_236' title='bbox 170 3582 348 3650; x_wconf 81' lang='lat' dir='ltr'>Pachymere.</span> <span class='ocrx_word' id='word_1_237' title='bbox 422 3585 456 3634; x_wconf 81' lang='lat'><strong><em>22</em></strong></span> <span class='ocrx_word' id='word_1_238' title='bbox 477 3581 610 3646; x_wconf 78' lang='lat' dir='ltr'><strong>Quaestw</strong></span> <span class='ocrx_word' id='word_1_239' title='bbox 630 3582 828 3653; x_wconf 76' lang='lat' dir='ltr'>aD10phant0</span> <span class='ocrx_word' id='word_1_240' title='bbox 847 3583 1011 3654; x_wconf 72' lang='lat' dir='ltr'>praeterita.</span> 
     </span>
    </p>
   </div>
   <div class='ocr_carea' id='block_1_6' title="bbox 0 0 1294 3984">
    <p class='ocr_par' dir='ltr' id='par_1_6' title="bbox 0 0 1294 3984">
     <span class='ocr_line' id='line_1_33' title="bbox 0 0 1294 3984; baseline 0 0"><span class='ocrx_word' id='word_1_241' title='bbox 0 0 1294 3984; x_wconf 95' lang='lat' dir='ltr'><strong><em> </em></strong></span> 
     </span>
    </p>
   </div>
  </div>
 </body>
</html>
