2578 3984
172 178 235 242 100
414 174 667 230 PACHYMERAE
686 173 945 228 PARAPHRASIS.

170 342 353 423 ποιήσομεν
376 336 431 403 καὶ
454 340 512 404 τὸν
536 339 654 403 λοιπὸν
678 338 754 422 δίχα
781 344 839 420 τής
867 339 1005 416 λείψεως
1034 337 1081 412 είς
1109 335 1190 400 άνα-
1278 404 1280 438 ¹

171 447 343 531 πλήρωσιν
366 452 427 510 τοῦ
450 447 485 526 ἦ
506 445 566 508 τὸν
589 446 607 507 ῖ
631 446 739 527 μείζω,
763 441 875 508 καὶτὸ
894 445 1071 529 πρόβλημα
1090 443 1190 508 λύσο-
1278 439 1280 534 ή

171 572 246 638 μεν·
266 553 409 617 λείπεται
428 552 490 634 γάρ
506 550 523 615 6
540 555 559 616 i
572 559 633 616 τοῦ
648 545 734 615 εἶναι
747 551 898 634 ἡμιόλιος
911 558 972 614 τοῦ
985 555 1009 634 ή
1023 549 1144 634 μονάσι
1159 535 1191 633 6.
1261 629 1280 638 .,

237 660 283 723 Εἰ
315 654 352 729 δὲ
384 656 639 741 ἐπιταττοίμεδα
677 658 820 740 διαιρεῖν
857 658 904 733 είς
937 655 1104 742 ἐπίτριτον
1138 655 1192 721 ε’πὶ
1279 641 1280 644 ¹

144 768 278 844 τλείψει
300 766 436 849 τοσήδε,
460 765 543 829 ἔστω
568 763 586 828 6
610 763 754 850 άριδμὸς
777 767 814 826 ιἰε
835 762 891 829 καὶ
914 764 934 847 ή
959 769 1067 842 λείήιις
1089 771 1110 848 γ
1134 788 1191 848 μο-

170 874 299 937 νάδων·
318 869 557 957 προστιδίσδω
574 871 594 954 ή
611 875 719 949 λεῐήις
736 878 782 959 τῷ
801 873 838 934 ιῖε
856 869 911 935 καὶ
930 878 991 936 τοῦ
1009 869 1193 954 γινομένου

171 982 211 1060 ιῖή
235 980 295 1044 τδν
318 978 691 1063 ὑποδιπλασιεπίτριτον
716 980 895 1061 ζητήσομεν
918 975 973 1041 καὶ
995 979 1085 1043 ἔστιν
1105 977 1123 1041 6
1144 962 1191 1060 [δ’

170 1094 293 1150 τοῦτον
323 1087 462 1168 τίθεμεν
494 1085 665 1167 ὑπόλογον
696 1083 751 1150 καὶ
783 1085 842 1148 τὸν
874 1083 994 1148 λοιπὸν
1026 1084 1103 1168 δίχα
1135 1092 1194 1167 τής

172 1193 310 1270 λείψεως
332 1192 392 1255 τὸν
414 1196 451 1273 ἦ
473 1194 654 1275 πρόλογον,
679 1189 734 1255 καὶ
757 1191 870 1254 λύεται
897 1192 933 1255 τδ
957 1192 1149 1275 πρόβλημα·
1173 1189 1192 1256 6
1281 1253 1282 1256 ,

133 1299 236 1383 ιογάρ
258 1300 294 1381 ἦ
318 1300 462 1362 λείπεται
484 1303 505 1379 γ
528 1305 589 1362 τοῦ
613 1291 699 1362 εἶναι
723 1295 885 1380 ἐπίτριτος
907 1306 969 1362 τοῦ
985 1282 1031 1382 ιδ.
1067 1295 1123 1362 καὶ
1143 1295 1195 1362 άεὶ

173 1405 279 1480 οὕτως
297 1402 352 1468 καὶ
370 1404 511 1480 τούτους
529 1406 592 1489 γάρ
614 1405 824 1486 διευδετήσει
843 1403 860 1468 6
881 1405 1054 1481 διπλάσιος
1073 1403 1195 1469 άλλασ-

173 1508 325 1596 σομίνων
347 1521 416 1575 τῶν
439 1512 567 1594 μορίων
589 1511 674 1594 πρὸς
696 1511 755 1586 τάς
779 1513 935 1594 ζητήσεις.

239 1622 289 1700 λη.
340 1617 451 1682 Πάλιν
488 1619 520 1682 εί
555 1619 636 1702 μετὰ
674 1620 813 1695 λείψεως
849 1616 886 1682 ἐν
923 1621 1011 1706 λόγῳ
1049 1616 1199 1703 ἐπιμερεϊ

174 1727 318 1808 διαιρεῖν
338 1723 592 1810 ἐπιταττοίμεδα
610 1722 665 1789 καὶ
685 1735 818 1809 πρῶτον
838 1724 874 1790 ἐν
895 1725 1093 1810 ἐπιδιτρίτω,
1111 1726 1195 1789 ἔστω

136 1831 193 1896 156
219 1827 334 1908 δοθεὶς
357 1829 501 1915 άριθμδς
520 1830 538 1897 6
557 1817 604 1917 αδ
621 1830 677 1896 καὶ
694 1831 715 1915 ἡ
735 1837 842 1910 λεῖψις
861 1833 1019 1916 μονάδων
1038 1817 1071 1914 6
1093 1847 1196 1917 προσ-

174 1940 293 2021 τίθημι
323 1937 430 2025 τούτῳ
459 1939 520 2022 τήν
549 1943 660 2017 λεῖψιν
687 1936 825 2004 καὶτοῦ
848 1938 1031 2022 γινομένου
1051 1924 1096 2002 κδ
1113 1941 1196 2022 ζητῶ

175 2045 235 2108 τὸν
249 2043 656 2130 ὑποδιπλασιεπιδίτριτον
675 2043 731 2110 καὶ
746 2046 837 2109 ἔστιν
852 2044 869 2109 6
884 2031 923 2110 δ’
943 2052 1064 2109 τοῦτον
1078 2047 1197 2129 τίθημι

176 2151 346 2234 ὑπόλογον
382 2149 438 2216 καὶ
468 2152 528 2216 τὸν
561 2152 679 2216 λοιπὸν
709 2152 785 2236 δίχα
811 2160 869 2235 τής
903 2153 1042 2229 λείψεως
1073 2153 1134 2216 τὸν
1162 2155 1197 2233 ἰγ

177 2260 356 2343 πρόλογον,
380 2255 435 2322 καὶ
459 2259 575 2323 λόεταί
595 2282 651 2343 μοι
675 2258 711 2322 τὸ
735 2259 924 2342 πρόβλημα·
948 2257 1051 2342 ὁγὰρ
1075 2260 1110 2339 ἦ)
1134 2260 1196 2322 λεί-

139 2387 273 2430 εοπεται
296 2351 318 2448 6
341 2366 388 2441 είς
411 2366 448 2429 τὸ
472 2359 557 2431 εἶναι
580 2364 779 2450 ἐπιδίτρττος
802 2371 862 2428 τοῦ
885 2350 920 2428 δ.

244 2474 289 2537 Ee
311 2469 347 2536 δὲ
372 2473 516 2557 διαιρεῖν
541 2474 587 2549 εἰς
610 2468 875 2556 ἐπιτριτίταρτον
894 2472 1098 2555 κελευόμεδα
1117 2473 1198 2555 μετά

178 2581 326 2660 λείψεως,
351 2580 433 2643 ἔστω
458 2578 476 2643 6
500 2578 644 2663 ἀριθμὸς
667 2565 720 2662 λά,
743 2577 763 2660 ή
789 2575 825 2642 δὲ
849 2581 957 2656 λεῖψις
980 2578 1139 2661 μονάδων
1161 2563 1198 2660 6·

178 2687 382 2769 προστίθημι
413 2685 476 2768 τήν
503 2689 614 2763 λεῖήπν
644 2683 699 2750 καὶ
727 2693 789 2749 τοῦ
816 2685 997 2768 γινομένου
1026 2686 1109 2768 ζητῶ
1139 2686 1198 2749 τὸν

178 2789 649 2877 ὑποδιπλασιεπιτριτέταρτον
672 2789 728 2856 καὶ
752 2793 843 2855 ἔστιν
867 2775 951 2874 δῖβ·
975 2799 1098 2856 τοῦτον
1116 2790 1199 2857 ὑπό-

140 2919 166 2961 25
180 2901 282 2978 λογον
304 2897 421 2981 τίθημι
444 2895 500 2962 καὶ
523 2899 583 2962 τὸν
606 2899 724 2962 λοιπὸν
748 2898 795 2973 είς
818 2896 1054 2982 ἀναπλήρωσιν
1076 2909 1138 2964 τοῦ
1154 2884 1199 2963 λα

179 3005 238 3068 τὸν
250 2988 294 3067 ιδ
305 3004 484 3088 πρόλογον,
503 3002 558 3068 καὶ
577 3004 694 3069 λύεταί
708 3027 765 3088 μοι
784 3005 820 3068 τὸ
840 3006 1026 3089 πρόβλημα·
1047 3004 1144 3091 δγδιρ
1161 2990 1199 3069 ιδ

181 3109 258 3175 δυσὶ
290 3112 435 3173 λείπεται
466 3119 527 3176 τοῦ
555 3104 641 3175 εἶναι
669 3113 752 3196 πρὸς
779 3111 838 3175 τὸν
867 3097 903 3193 ιβ
929 3111 1198 3198 ἐπιτριτίταρτος.

180 3215 234 3280 καὶ
257 3213 308 3280 ἀεὶ
332 3215 448 3300 ἐφεξῆς
468 3218 574 3294 οὕτως
596 3216 652 3283 καὶ
672 3217 819 3283 ἐνταῦθα
837 3218 901 3303 γὰρ
921 3217 939 3282 6
958 3217 1198 3297 ὑποδιπλάσιος

181 3323 342 3388 εὐοδώσει
364 3325 422 3400 τάς
445 3325 565 3401 λύσεις.

141 3454 167 3493 ιο
252 3431 299 3495 Τά
323 3430 406 3496 αὐτά
429 3434 628 3515 γενήσονται
651 3429 706 3497 καὶ
729 3433 761 3496 εί
788 3433 1004 3496 συντίθενται
1032 3432 1067 3496 οἱ
1092 3435 1198 3516 λόγοι,

9 3563 10 3621 ή
182 3527 255 3602 οἷον
288 3535 443 3640 ἐπλ.,τοῖς
475 3541 868 3632 πρλλαπλασιεπιμορίοις
897 3537 952 3604 καὶ
982 3549 1050 3615 τοῖς
1076 3544 1199 3605 πολλα-
