2578 3984
259 188 307 244 DE
325 186 538 242 DIOPHANTO
558 185 783 242 TESTIMONIA
801 187 986 244 VETERUM.
1089 187 1130 251 61

157 350 286 428 πένθος
310 348 339 416 δ’
360 345 410 416 αδ
425 351 602 437 πισύρεσσι
625 349 844 435 παρηγορέων
868 352 1046 434 ἐνιαυτοῖς,

203 460 283 544 τῇδε
306 461 414 524 πόσου
437 459 539 542 σοφίη
562 451 655 542 τέρμ’
672 456 810 544 ἐπέρησε
833 460 919 543 βίου.

183 585 370 667 Σχόλιον.
402 581 527 665 Εὑρεῖν
551 581 697 667 ἀριθμὸν
726 582 763 660 ὃς
790 585 905 662 λείψας
932 582 1032 668 μέρος
1059 581 1134 648 έαυ-

112 700 176 756 τοῦ
205 687 237 758 ς’
258 687 306 772 ιβ’
325 687 352 767 ζ’
372 684 402 765 L'
427 687 491 768 έξει
518 689 636 765 λοιπάς
664 700 700 774 μθ
718 675 754 754 δ.
795 693 865 755 ε”στι
893 687 930 755 δέ
957 687 1133 756 καὶτοῦτο

115 798 236 882 ὅμοιον
269 805 338 872 τοῖς
370 792 602 881 προκειμένοις
633 796 734 861 άπασι
765 794 820 862 καὶ
854 797 976 881 ὁμοίως
1011 797 1132 862 λύεται.
1161 822 1173 863 ε

114 905 304 990 εὑρίσκεται
333 903 396 990 γάρ
425 902 569 987 ἀριθμὸς
598 901 766 987 ἐλάχιστος
793 906 878 989 ἔχων
905 905 945 968 τδι
978 901 1135 990 εἰρημένα

116 1009 200 1097 μέρη
225 1010 243 1076 ὁ
267 996 325 1075 πδ·
354 1003 401 1074 ὧν
426 1011 527 1094 δίφελε
554 1010 591 1074 τὸ
621 1007 653 1078 ς’
670 1007 717 1093 ιβ’
733 1010 761 1089 ζ’
777 1008 822 1094 L‘,
854 1009 1004 1077 τουτέστι
1032 1020 1068 1096 μο
1086 1016 1134 1093 οε,

116 1119 218 1183 λοιπά
240 1102 267 1182 δ
289 1113 344 1183 καὶ
366 1119 495 1201 γίνεται
517 1116 555 1181 τὸ
578 1119 762 1202 πρόβλημα.

543 1313 585 1377 ιδ.
622 1313 713 1378 άλλο.

166 1438 298 1514 Παντὸς
321 1437 403 1502 ὅσου
427 1438 566 1520 βεβίωκε
589 1439 726 1522 χρόνου,
748 1447 826 1515 παίς
845 1434 906 1522 μὲν
923 1439 961 1503 τὸ
979 1437 1136 1522 τέταρτον
1152 1463 1176 1503 ιο

165 1544 368 1630 Δημοχάρης
390 1547 540 1628 βεβίωκε,
564 1549 735 1629 νεηνίσκος
758 1541 796 1610 δὲ
818 1545 856 1610 τὸ
879 1543 1038 1630 πέμπτον,

165 1654 203 1718 τὸ
231 1653 345 1737 τρίτον
367 1653 415 1728 είς
441 1652 578 1738 ἄνδρας·
606 1652 726 1717 πολιὸν
749 1645 781 1717 δ’
798 1647 847 1717 ὅτ’
863 1652 1001 1737 άφίκετο
1023 1661 1137 1737 χήρας,

166 1761 279 1842 ἔζησεν
303 1758 401 1823 λοιπά
423 1759 634 1842 τρισκαίδεκα
657 1761 781 1843 γήραος
804 1758 903 1846 οὐδῷ.

188 1885 369 1968 Σχύλιον.
405 1883 531 1970 Εὑρεῖν
554 1882 702 1968 ἀριθμὸν
726 1883 762 1960 ὃς
784 1885 901 1962 λείψας
923 1881 957 1947 δ’
972 1881 1001 1948 ε’
1016 1880 1050 1968 γ’
1074 1882 1139 1962 έξει

118 1992 239 2067 λοιπάς
267 2000 303 2075 μο
322 1993 365 2073 ιχ.
411 1987 466 2054 καὶ
495 1998 593 2055 τοῦτο
625 1987 662 2054 δὲ
692 1990 810 2074 ὅμοιον
839 2001 909 2067 τοϊς
939 1991 1004 2077 πρὸ
1035 1990 1139 2056 αὐτοῦ
1154 2015 1178 2054 ιε

121 2099 225 2162 δίπασι
252 2094 308 2163 καὶ
336 2097 494 2174 ὡσαύτως
521 2097 643 2162 λύεται.
688 2095 746 2162 έδν
769 2098 833 2182 γάρ
861 2097 960 2182 εύρης
993 2097 1140 2185 ἀριθμὸν

122 2204 160 2280 ὃς
183 2201 353 2288 ἐλάχιστος
376 2204 425 2268 ὢν
448 2203 512 2282 ἕξει
535 2205 575 2268 τά
598 2202 744 2268 δοθέντα
771 2202 854 2291 μέρη
884 2200 917 2269 δ’
932 2201 961 2269 ε’
977 2202 1022 2288 γ’,
1051 2204 1140 2280 λύεις

122 2311 162 2376 τὸ
191 2311 380 2396 πρόβλημα·
412 2313 480 2376 ἔστι
508 2306 545 2376 δέ
569 2309 587 2374 ὁ
611 2295 639 2394 ξ,
664 2309 697 2390 ἐξ
721 2305 763 2376 οὗ
785 2309 920 2395 ἀφελὼν
945 2311 985 2376 τά
1009 2313 1141 2397 προκεί-

123 2440 208 2503 μενα
236 2415 329 2503 μέρη,
353 2416 503 2483 τουτέστι
530 2403 636 2502 μθχιξ,
669 2418 768 2483 λοιπά
796 2415 936 2502 μένουσι
963 2421 1054 2503 μθῆ
1085 2416 1140 2483 καὶ

122 2519 220 2610 εὗρες
241 2525 303 2607 τήν
326 2525 434 2590 λύσιν.
1156 2549 1182 2588 ιο

552 2654 589 2696 ιε.
628 2632 719 2696 ἄλλο.

172 2747 256 2820 Οἷον
279 2755 455 2840 άδελφειάς
478 2778 518 2839 με
541 2756 694 2838 βιήσατο,
719 2751 816 2819 πέντε
839 2755 984 2820 τάλαντα

216 2862 276 2948 οὐχ
302 2862 377 2949 ὁσίη
400 2865 500 2950 μοίρη
523 2863 664 2947 πατρικά
688 2862 907 2946 δασσάμενος·

172 2967 252 3034 ἑπτά
275 2971 488 3053 κασιγνήτοιο
512 2965 582 3035 τόδ’
601 2968 787 3035 ένδεκάτων
810 2970 1022 3054 πολύδακρυς

217 3074 366 3161 πέμπτον
389 3079 452 3161 ἔχω
477 3079 607 3160 μοίρης·
632 3080 710 3161 Ζεῦ,
733 3077 848 3160 βαθὺν
870 3075 979 3140 ύπνον
1002 3075 1094 3157 ἔχεις.
1158 3098 1183 3138 ει

195 3202 378 3285 Σχύλιον.
411 3197 597 3266 Ὑπόκειπαί
615 3224 665 3278 τις
689 3200 886 3287 σχετλιάζων
905 3199 949 3276 ὡς
972 3197 1144 3283 ἀδικηθεὶς

126 3309 194 3375 ὑπὸ
214 3316 274 3373 τοῦ
293 3306 443 3391 ἀδελφοῦ
462 3305 514 3371 ἐπὶ
533 3315 578 3393 τῷ
593 3315 654 3372 τοῦ
667 3315 829 3393 πατρικοῦ
843 3310 968 3391 κλήρου
983 3315 1144 3394 μερισμῷ·

126 3437 342 3446 ——-——-

202 3506 274 3553 λειω
293 3506 399 3555 ποσούῖ
432 3494 555 3569 ἐπέρησα
573 3498 602 3553 Ρ,
645 3499 731 3569 9Ep.
745 3500 818 3569 XIV,
833 3505 893 3555 127.
936 3504 969 3553 18
988 3499 1104 3570 δεερελ.
1115 3501 1144 3555 Ρ.

166 3577 200 3626 21
220 3570 271 3640 Ep.
286 3571 359 3640 XIV,
375 3576 433 3627 128.
490 3577 523 3626 22
543 3568 573 3640 μ’
595 3566 726 3642 ἐβιήσατο
745 3571 789 3628 ed.
