<?xml version="1.0" encoding="UTF-8"?>
<!DOCTYPE html PUBLIC "-//W3C//DTD XHTML 1.0 Transitional//EN"
    "http://www.w3.org/TR/xhtml1/DTD/xhtml1-transitional.dtd">
<html xmlns="http://www.w3.org/1999/xhtml" xml:lang="en" lang="en">
 <head>
  <title>
</title>
<meta http-equiv="Content-Type" content="text/html;charset=utf-8" />
  <meta name='ocr-system' content='tesseract 3.04.00' />
  <meta name='ocr-capabilities' content='ocr_page ocr_carea ocr_par ocr_line ocrx_word'/>
</head>
<body>
  <div class='ocr_page' id='page_1' title='image "./diophantialexan01diopgoog_0122.png"; bbox 0 0 2578 3984; ppageno 0'>
   <div class='ocr_carea' id='block_1_1' title="bbox 147 180 1019 248">
    <p class='ocr_par' dir='ltr' id='par_1_1' title="bbox 147 180 1019 248">
     <span class='ocr_line' id='line_1_1' title="bbox 147 180 1019 248; baseline -0.002 -9"><span class='ocrx_word' id='word_1_1' title='bbox 147 183 189 248; x_wconf 79' lang='grc'><em>68</em></span> <span class='ocrx_word' id='word_1_2' title='bbox 292 182 340 238; x_wconf 87' lang='lat' dir='ltr'><em>DE</em></span> <span class='ocrx_word' id='word_1_3' title='bbox 359 180 571 237; x_wconf 84' lang='lat' dir='ltr'><strong>DIOPHANTO</strong></span> <span class='ocrx_word' id='word_1_4' title='bbox 590 180 816 237; x_wconf 84' lang='lat' dir='ltr'><strong>TESTIMONIA</strong></span> <span class='ocrx_word' id='word_1_5' title='bbox 833 181 1019 237; x_wconf 83' lang='lat' dir='ltr'><strong>VETERUM.</strong></span> 
     </span>
    </p>
   </div>
   <div class='ocr_carea' id='block_1_2' title="bbox 122 381 1171 1335">
    <p class='ocr_par' dir='ltr' id='par_1_2' title="bbox 122 381 1171 1335">
     <span class='ocr_line' id='line_1_2' title="bbox 572 381 740 446; baseline 0.012 -2"><span class='ocrx_word' id='word_1_6' title='bbox 572 404 616 445; x_wconf 88' lang='grc' dir='ltr'><em>κε.</em></span> <span class='ocrx_word' id='word_1_7' title='bbox 649 381 740 446; x_wconf 86' lang='grc' dir='ltr'><em>άλλο.</em></span> 
     </span>
     <span class='ocr_line' id='line_1_3' title="bbox 192 503 1111 591; baseline 0 -22"><span class='ocrx_word' id='word_1_8' title='bbox 192 505 311 590; x_wconf 83' lang='grc' dir='ltr'><em>Δάκρυ</em></span> <span class='ocrx_word' id='word_1_9' title='bbox 333 503 598 591; x_wconf 87' lang='grc' dir='ltr'><em>παραστάξαντες</em></span> <span class='ocrx_word' id='word_1_10' title='bbox 621 503 778 589; x_wconf 79' lang='grc' dir='ltr'><em>άμείβετε.</em></span> <span class='ocrx_word' id='word_1_11' title='bbox 817 505 897 569; x_wconf 81' lang='grc' dir='ltr'><em>Οἵδε</em></span> <span class='ocrx_word' id='word_1_12' title='bbox 919 505 983 589; x_wconf 77' lang='grc' dir='ltr'><em>γάρ</em></span> <span class='ocrx_word' id='word_1_13' title='bbox 1006 504 1111 589; x_wconf 77' lang='grc' dir='ltr'><em>ἡμεῖς,</em></span> 
     </span>
     <span class='ocr_line' id='line_1_4' title="bbox 238 605 980 696; baseline 0 -21"><span class='ocrx_word' id='word_1_14' title='bbox 238 611 297 688; x_wconf 85' lang='grc' dir='ltr'><em>οὓς</em></span> <span class='ocrx_word' id='word_1_15' title='bbox 318 613 396 677; x_wconf 90' lang='grc' dir='ltr'><em>τόδε</em></span> <span class='ocrx_word' id='word_1_16' title='bbox 421 613 515 696; x_wconf 82' lang='grc' dir='ltr'><em>δῶμα</em></span> <span class='ocrx_word' id='word_1_17' title='bbox 538 613 641 677; x_wconf 84' lang='grc' dir='ltr'><em>πεσὸν</em></span> <span class='ocrx_word' id='word_1_18' title='bbox 664 612 789 676; x_wconf 77' lang='grc' dir='ltr'><em>ὤλεσεν</em></span> <span class='ocrx_word' id='word_1_19' title='bbox 809 605 980 696; x_wconf 77' lang='grc' dir='ltr'><strong><em>Ἀντιόχου</em></strong></span> 
     </span>
     <span class='ocr_line' id='line_1_5' title="bbox 194 710 1005 801; baseline 0 -20"><span class='ocrx_word' id='word_1_20' title='bbox 194 718 406 801; x_wconf 89' lang='grc' dir='ltr'><em>δαιτυμόνας,</em></span> <span class='ocrx_word' id='word_1_21' title='bbox 431 710 519 783; x_wconf 88' lang='grc' dir='ltr'><em>οἷσιν</em></span> <span class='ocrx_word' id='word_1_22' title='bbox 542 718 623 794; x_wconf 78' lang='grc' dir='ltr'><em>θεὸς</em></span> <span class='ocrx_word' id='word_1_23' title='bbox 646 719 758 794; x_wconf 88' lang='grc' dir='ltr'><em>δαιτός</em></span> <span class='ocrx_word' id='word_1_24' title='bbox 780 740 815 781; x_wconf 89' lang='grc' dir='ltr'><em>τε</em></span> <span class='ocrx_word' id='word_1_25' title='bbox 837 717 947 801; x_wconf 87' lang='grc' dir='ltr'><em>τάφου</em></span> <span class='ocrx_word' id='word_1_26' title='bbox 969 740 1005 781; x_wconf 89' lang='grc' dir='ltr'><em>τε</em></span> 
     </span>
     <span class='ocr_line' id='line_1_6' title="bbox 122 819 1006 911; baseline 0.003 -26"><span class='ocrx_word' id='word_1_27' title='bbox 122 845 134 885; x_wconf 85' lang='grc' dir='ltr'><em>ε</em></span> <span class='ocrx_word' id='word_1_28' title='bbox 237 819 330 888; x_wconf 87' lang='grc' dir='ltr'><em>τόνδ’</em></span> <span class='ocrx_word' id='word_1_29' title='bbox 357 827 477 910; x_wconf 79' lang='grc' dir='ltr'><em>ἔπορεν</em></span> <span class='ocrx_word' id='word_1_30' title='bbox 499 835 622 911; x_wconf 83' lang='grc' dir='ltr'><em>χῶρον,</em></span> <span class='ocrx_word' id='word_1_31' title='bbox 644 824 801 907; x_wconf 92' lang='grc' dir='ltr'><em>τέσσαρες</em></span> <span class='ocrx_word' id='word_1_32' title='bbox 824 823 859 888; x_wconf 83' lang='grc' dir='ltr'><em>ἐκ</em></span> <span class='ocrx_word' id='word_1_33' title='bbox 886 822 1006 909; x_wconf 80' lang='grc' dir='ltr'><em>Τεγέης</em></span> 
     </span>
     <span class='ocr_line' id='line_1_7' title="bbox 192 927 1093 1015; baseline 0.001 -21"><span class='ocrx_word' id='word_1_34' title='bbox 192 934 342 1014; x_wconf 73' lang='grc' dir='ltr'><em>κείμεθα,</em></span> <span class='ocrx_word' id='word_1_35' title='bbox 366 933 548 1015; x_wconf 77' lang='grc' dir='ltr'><em>Μεσσήνης</em></span> <span class='ocrx_word' id='word_1_36' title='bbox 571 927 608 996; x_wconf 73' lang='grc' dir='ltr'><em>δὲ</em></span> <span class='ocrx_word' id='word_1_37' title='bbox 632 932 794 1011; x_wconf 84' lang='grc' dir='ltr'><em>δυώδεκα,</em></span> <span class='ocrx_word' id='word_1_38' title='bbox 819 929 854 994; x_wconf 82' lang='grc' dir='ltr'><em>ἐκ</em></span> <span class='ocrx_word' id='word_1_39' title='bbox 879 929 919 995; x_wconf 85' lang='grc' dir='ltr'><em>δέ</em></span> <span class='ocrx_word' id='word_1_40' title='bbox 938 954 973 995; x_wconf 87' lang='grc' dir='ltr'><em>τε</em></span> <span class='ocrx_word' id='word_1_41' title='bbox 995 929 1093 996; x_wconf 82' lang='grc' dir='ltr'><em>πέντε</em></span> 
     </span>
     <span class='ocr_line' id='line_1_8' title="bbox 228 1035 1055 1122; baseline -0.001 -20"><span class='ocrx_word' id='word_1_42' title='bbox 228 1035 378 1121; x_wconf 67' lang='grc' dir='ltr'><em>Ἄργεος,</em></span> <span class='ocrx_word' id='word_1_43' title='bbox 403 1037 439 1102; x_wconf 83' lang='grc' dir='ltr'><em>ἐκ</em></span> <span class='ocrx_word' id='word_1_44' title='bbox 461 1037 619 1122; x_wconf 76' lang='grc' dir='ltr'><em>Σπάρτης</em></span> <span class='ocrx_word' id='word_1_45' title='bbox 643 1035 673 1101; x_wconf 88' lang='grc' dir='ltr'><em>δ’</em></span> <span class='ocrx_word' id='word_1_46' title='bbox 701 1038 803 1121; x_wconf 74' lang='grc' dir='ltr'><em>ἥμισυ</em></span> <span class='ocrx_word' id='word_1_47' title='bbox 827 1038 1055 1121; x_wconf 77' lang='grc' dir='ltr'><em>δαιτυμόνων·</em></span> 
     </span>
     <span class='ocr_line' id='line_1_9' title="bbox 193 1140 1150 1229; baseline 0 -21"><span class='ocrx_word' id='word_1_48' title='bbox 193 1143 293 1220; x_wconf 88' lang='grc' dir='ltr'><em>αὐτός</em></span> <span class='ocrx_word' id='word_1_49' title='bbox 315 1140 344 1208; x_wconf 85' lang='grc' dir='ltr'><em>τ’</em></span> <span class='ocrx_word' id='word_1_50' title='bbox 367 1142 544 1229; x_wconf 86' lang='grc' dir='ltr'><em>Ἀντίοχος,</em></span> <span class='ocrx_word' id='word_1_51' title='bbox 568 1143 717 1229; x_wconf 86' lang='grc' dir='ltr'><em>πέμπτου</em></span> <span class='ocrx_word' id='word_1_52' title='bbox 741 1142 780 1208; x_wconf 92' lang='grc' dir='ltr'><em>δέ</em></span> <span class='ocrx_word' id='word_1_53' title='bbox 800 1166 835 1208; x_wconf 90' lang='grc' dir='ltr'><em>τε</em></span> <span class='ocrx_word' id='word_1_54' title='bbox 858 1142 1006 1228; x_wconf 93' lang='grc' dir='ltr'><em>πέμπτον</em></span> <span class='ocrx_word' id='word_1_55' title='bbox 1030 1144 1150 1208; x_wconf 79' lang='grc' dir='ltr'><em>ὄλοντο</em></span> 
     </span>
     <span class='ocr_line' id='line_1_10' title="bbox 237 1247 1171 1335; baseline 0.002 -21"><span class='ocrx_word' id='word_1_56' title='bbox 237 1253 455 1335; x_wconf 72' lang='grc' dir='ltr'><em>Κεκροπίδαι</em></span> <span class='ocrx_word' id='word_1_57' title='bbox 480 1254 522 1316; x_wconf 91' lang='grc' dir='ltr'><em>σὺ</em></span> <span class='ocrx_word' id='word_1_58' title='bbox 546 1247 576 1315; x_wconf 89' lang='grc' dir='ltr'><em>δ’</em></span> <span class='ocrx_word' id='word_1_59' title='bbox 596 1249 698 1315; x_wconf 69' lang='grc' dir='ltr'><em>Ὕλαν</em></span> <span class='ocrx_word' id='word_1_60' title='bbox 721 1255 829 1334; x_wconf 81' lang='grc' dir='ltr'><em>κλαῖε,</em></span> <span class='ocrx_word' id='word_1_61' title='bbox 853 1253 1022 1334; x_wconf 79' lang='grc' dir='ltr'><em>Κόρινθε,</em></span> <span class='ocrx_word' id='word_1_62' title='bbox 1052 1252 1171 1334; x_wconf 89' lang='grc' dir='ltr'><em>μόνον.</em></span> 
     </span>
    </p>
   </div>
   <div class='ocr_carea' id='block_1_3' title="bbox 110 1371 1170 1782">
    <p class='ocr_par' dir='ltr' id='par_1_3' title="bbox 110 1371 1170 1782">
     <span class='ocr_line' id='line_1_11' title="bbox 110 1371 1170 1461; baseline -0.003 -20"><span class='ocrx_word' id='word_1_63' title='bbox 110 1398 135 1436; x_wconf 83' lang='lat'><em>10</em></span> <span class='ocrx_word' id='word_1_64' title='bbox 216 1379 402 1460; x_wconf 85' lang='grc' dir='ltr'><em>Σχόλιον.</em></span> <span class='ocrx_word' id='word_1_65' title='bbox 452 1379 558 1441; x_wconf 86' lang='grc' dir='ltr'><em>Τοῦτο</em></span> <span class='ocrx_word' id='word_1_66' title='bbox 590 1376 707 1460; x_wconf 82' lang='grc' dir='ltr'><em>ὅμοιόν</em></span> <span class='ocrx_word' id='word_1_67' title='bbox 735 1373 803 1439; x_wconf 82' lang='grc' dir='ltr'><em>ἐστι</em></span> <span class='ocrx_word' id='word_1_68' title='bbox 831 1382 876 1460; x_wconf 81' lang='grc' dir='ltr'><em>τῷ</em></span> <span class='ocrx_word' id='word_1_69' title='bbox 905 1385 945 1437; x_wconf 68' lang='grc' dir='ltr'><em>αῖ</em></span> <span class='ocrx_word' id='word_1_70' title='bbox 972 1371 1028 1439; x_wconf 78' lang='grc' dir='ltr'><em>καί</em></span> <span class='ocrx_word' id='word_1_71' title='bbox 1054 1381 1100 1461; x_wconf 80' lang='grc' dir='ltr'><em>τῷ</em></span> <span class='ocrx_word' id='word_1_72' title='bbox 1128 1378 1170 1458; x_wconf 68' lang='grc' dir='ltr'><em>βῳ</em></span> 
     </span>
     <span class='ocr_line' id='line_1_12' title="bbox 149 1479 1168 1566; baseline -0.002 -20"><span class='ocrx_word' id='word_1_73' title='bbox 149 1479 204 1546; x_wconf 83' lang='grc' dir='ltr'><em>καὶ</em></span> <span class='ocrx_word' id='word_1_74' title='bbox 218 1493 288 1559; x_wconf 88' lang='grc' dir='ltr'><em>τοῖς</em></span> <span class='ocrx_word' id='word_1_75' title='bbox 302 1484 545 1566; x_wconf 87' lang='grc' dir='ltr'><em>παραπλησίοις</em></span> <span class='ocrx_word' id='word_1_76' title='bbox 562 1480 618 1546; x_wconf 78' lang='grc' dir='ltr'><em>καὶ</em></span> <span class='ocrx_word' id='word_1_77' title='bbox 633 1481 789 1557; x_wconf 81' lang='grc' dir='ltr'><em>ὡσαύτως</em></span> <span class='ocrx_word' id='word_1_78' title='bbox 808 1480 947 1557; x_wconf 81' lang='grc' dir='ltr'><em>ἐκείνοις</em></span> <span class='ocrx_word' id='word_1_79' title='bbox 963 1481 1168 1565; x_wconf 80' lang='grc' dir='ltr'><em>ἐφοδεύεται.</em></span> 
     </span>
     <span class='ocr_line' id='line_1_13' title="bbox 150 1586 1168 1675; baseline 0 -23"><span class='ocrx_word' id='word_1_80' title='bbox 150 1589 204 1653; x_wconf 93' lang='grc' dir='ltr'><em>δεῖ</em></span> <span class='ocrx_word' id='word_1_81' title='bbox 233 1589 296 1672; x_wconf 77' lang='grc' dir='ltr'><em>γάρ</em></span> <span class='ocrx_word' id='word_1_82' title='bbox 330 1590 442 1675; x_wconf 80' lang='grc' dir='ltr'><em>εὑρεῖν</em></span> <span class='ocrx_word' id='word_1_83' title='bbox 474 1588 623 1674; x_wconf 79' lang='grc' dir='ltr'><em>ἀριθμὸν</em></span> <span class='ocrx_word' id='word_1_84' title='bbox 654 1589 692 1665; x_wconf 86' lang='grc' dir='ltr'><em>ὃς</em></span> <span class='ocrx_word' id='word_1_85' title='bbox 718 1587 888 1673; x_wconf 80' lang='grc' dir='ltr'><em>ἐλάχιστος</em></span> <span class='ocrx_word' id='word_1_86' title='bbox 918 1587 965 1653; x_wconf 78' lang='grc' dir='ltr'><em>ὢν</em></span> <span class='ocrx_word' id='word_1_87' title='bbox 993 1586 1058 1666; x_wconf 77' lang='grc' dir='ltr'><em>ἕξει</em></span> <span class='ocrx_word' id='word_1_88' title='bbox 1086 1586 1168 1673; x_wconf 91' lang='grc' dir='ltr'><em>μέρη</em></span> 
     </span>
     <span class='ocr_line' id='line_1_14' title="bbox 150 1692 1017 1782; baseline 0 -23"><span class='ocrx_word' id='word_1_89' title='bbox 150 1692 180 1770; x_wconf 74' lang='lat' dir='ltr'><em>L&#39;</em></span> <span class='ocrx_word' id='word_1_90' title='bbox 195 1693 257 1779; x_wconf 75' lang='grc' dir='ltr'><em>κε’,</em></span> <span class='ocrx_word' id='word_1_91' title='bbox 280 1693 335 1763; x_wconf 77' lang='grc' dir='ltr'><em>καί</em></span> <span class='ocrx_word' id='word_1_92' title='bbox 359 1698 450 1760; x_wconf 83' lang='grc' dir='ltr'><em>ἔστιν</em></span> <span class='ocrx_word' id='word_1_93' title='bbox 472 1695 490 1761; x_wconf 88' lang='grc' dir='ltr'>ὁ</span> <span class='ocrx_word' id='word_1_94' title='bbox 515 1702 536 1761; x_wconf 78' lang='grc' dir='ltr'><em>ν</em></span> <span class='ocrx_word' id='word_1_95' title='bbox 559 1693 614 1761; x_wconf 83' lang='grc' dir='ltr'><em>καὶ</em></span> <span class='ocrx_word' id='word_1_96' title='bbox 637 1697 750 1761; x_wconf 84' lang='grc' dir='ltr'><em>λύεται</em></span> <span class='ocrx_word' id='word_1_97' title='bbox 772 1697 809 1761; x_wconf 91' lang='grc' dir='ltr'><em>τὸ</em></span> <span class='ocrx_word' id='word_1_98' title='bbox 833 1698 1017 1782; x_wconf 85' lang='grc' dir='ltr'><em>πρόβλημα.</em></span> 
     </span>
    </p>
   </div>
   <div class='ocr_carea' id='block_1_4' title="bbox 572 1910 744 1977">
    <p class='ocr_par' dir='ltr' id='par_1_4' title="bbox 572 1910 744 1977">
     <span class='ocr_line' id='line_1_15' title="bbox 572 1910 744 1977; baseline 0.006 -5"><span class='ocrx_word' id='word_1_99' title='bbox 572 1927 620 1977; x_wconf 84' lang='grc' dir='ltr'><em>κς.</em></span> <span class='ocrx_word' id='word_1_100' title='bbox 654 1910 744 1974; x_wconf 81' lang='grc' dir='ltr'><em>ἄλλο.</em></span> 
     </span>
    </p>
   </div>
   <div class='ocr_carea' id='block_1_5' title="bbox 111 2029 1220 3310">
    <p class='ocr_par' dir='ltr' id='par_1_5' title="bbox 111 2029 1220 2652">
     <span class='ocr_line' id='line_1_16' title="bbox 111 2029 977 2116; baseline 0.006 -24"><span class='ocrx_word' id='word_1_101' title='bbox 111 2051 136 2092; x_wconf 85' lang='lat'><em>15</em></span> <span class='ocrx_word' id='word_1_102' title='bbox 195 2029 364 2115; x_wconf 85' lang='grc' dir='ltr'><em>Νικαρέτη</em></span> <span class='ocrx_word' id='word_1_103' title='bbox 388 2035 550 2110; x_wconf 81' lang='grc' dir='ltr'><em>παίζουσα</em></span> <span class='ocrx_word' id='word_1_104' title='bbox 573 2035 638 2098; x_wconf 89' lang='grc' dir='ltr'><em>σὺν</em></span> <span class='ocrx_word' id='word_1_105' title='bbox 660 2032 845 2116; x_wconf 80' lang='grc' dir='ltr'><em>ἡλικιώτισι</em></span> <span class='ocrx_word' id='word_1_106' title='bbox 867 2031 977 2113; x_wconf 85' lang='grc' dir='ltr'><em>πέντε,</em></span> 
     </span>
     <span class='ocr_line' id='line_1_17' title="bbox 239 2133 1046 2224; baseline -0.002 -20"><span class='ocrx_word' id='word_1_107' title='bbox 239 2133 287 2204; x_wconf 79' lang='grc' dir='ltr'><em>ὧν</em></span> <span class='ocrx_word' id='word_1_108' title='bbox 311 2133 399 2222; x_wconf 80' lang='grc' dir='ltr'><em>εἶχεν</em></span> <span class='ocrx_word' id='word_1_109' title='bbox 422 2141 558 2223; x_wconf 90' lang='grc' dir='ltr'><em>καρύων</em></span> <span class='ocrx_word' id='word_1_110' title='bbox 580 2135 692 2204; x_wconf 89' lang='grc' dir='ltr'><em>Κλείτ’</em></span> <span class='ocrx_word' id='word_1_111' title='bbox 719 2141 838 2224; x_wconf 80' lang='grc' dir='ltr'><em>ἔπορεν</em></span> <span class='ocrx_word' id='word_1_112' title='bbox 861 2142 898 2204; x_wconf 91' lang='grc' dir='ltr'><em>τὸ</em></span> <span class='ocrx_word' id='word_1_113' title='bbox 922 2140 1046 2223; x_wconf 90' lang='grc' dir='ltr'><em>τρίτον,</em></span> 
     </span>
     <span class='ocr_line' id='line_1_18' title="bbox 194 2242 1220 2332; baseline 0 -23"><span class='ocrx_word' id='word_1_114' title='bbox 194 2243 250 2310; x_wconf 78' lang='grc' dir='ltr'><em>καὶ</em></span> <span class='ocrx_word' id='word_1_115' title='bbox 269 2250 410 2331; x_wconf 86' lang='grc' dir='ltr'><em>Σαπφοῖ</em></span> <span class='ocrx_word' id='word_1_116' title='bbox 424 2249 462 2312; x_wconf 92' lang='grc' dir='ltr'><em>τὸ</em></span> <span class='ocrx_word' id='word_1_117' title='bbox 480 2244 649 2331; x_wconf 89' lang='grc' dir='ltr'><em>τέταρτον,</em></span> <span class='ocrx_word' id='word_1_118' title='bbox 669 2244 877 2332; x_wconf 84' lang='grc' dir='ltr'><em>Ἀριστοδίκη</em></span> <span class='ocrx_word' id='word_1_119' title='bbox 898 2242 935 2310; x_wconf 72' lang='grc' dir='ltr'><em>δὲ</em></span> <span class='ocrx_word' id='word_1_120' title='bbox 953 2246 990 2310; x_wconf 89' lang='grc' dir='ltr'><em>τὸ</em></span> <span class='ocrx_word' id='word_1_121' title='bbox 1009 2244 1168 2330; x_wconf 86' lang='grc' dir='ltr'><em>πέμπτον,</em></span> <span class='ocrx_word' id='word_1_122' title='bbox 1216 2301 1220 2308; x_wconf 97' lang='grc'>.</span> 
     </span>
     <span class='ocr_line' id='line_1_19' title="bbox 240 2351 944 2436; baseline 0.001 -19"><span class='ocrx_word' id='word_1_123' title='bbox 240 2354 392 2418; x_wconf 88' lang='grc' dir='ltr'><em>είκοστὸν</em></span> <span class='ocrx_word' id='word_1_124' title='bbox 417 2357 541 2420; x_wconf 79' lang='grc' dir='ltr'><em>Θεανοῖ</em></span> <span class='ocrx_word' id='word_1_125' title='bbox 561 2353 616 2418; x_wconf 77' lang='grc' dir='ltr'><em>καί</em></span> <span class='ocrx_word' id='word_1_126' title='bbox 639 2353 719 2418; x_wconf 89' lang='grc' dir='ltr'><em>πάλι</em></span> <span class='ocrx_word' id='word_1_127' title='bbox 743 2351 944 2436; x_wconf 80' lang='grc' dir='ltr'><em>δωδέκατον,</em></span> 
     </span>
     <span class='ocr_line' id='line_1_20' title="bbox 197 2455 1079 2544; baseline 0.002 -23"><span class='ocrx_word' id='word_1_128' title='bbox 197 2458 348 2523; x_wconf 80' lang='grc' dir='ltr'><em>εἰκοστὸν</em></span> <span class='ocrx_word' id='word_1_129' title='bbox 371 2456 529 2544; x_wconf 89' lang='grc' dir='ltr'><em>τέτρατον</em></span> <span class='ocrx_word' id='word_1_130' title='bbox 552 2455 589 2524; x_wconf 71' lang='grc' dir='ltr'><em>δὲ</em></span> <span class='ocrx_word' id='word_1_131' title='bbox 615 2461 798 2543; x_wconf 89' lang='grc' dir='ltr'><em>Φιλιννίδι,</em></span> <span class='ocrx_word' id='word_1_132' title='bbox 820 2457 875 2524; x_wconf 78' lang='grc' dir='ltr'><em>καὶ</em></span> <span class='ocrx_word' id='word_1_133' title='bbox 898 2467 1018 2544; x_wconf 85' lang='grc' dir='ltr'><em>περιῆν</em></span> <span class='ocrx_word' id='word_1_134' title='bbox 1041 2455 1079 2524; x_wconf 71' lang='grc' dir='ltr'><em>δὲ</em></span> 
     </span>
     <span class='ocr_line' id='line_1_21' title="bbox 112 2563 877 2652; baseline 0.007 -27"><span class='ocrx_word' id='word_1_135' title='bbox 112 2585 138 2625; x_wconf 81' lang='lat'><em>20</em></span> <span class='ocrx_word' id='word_1_136' title='bbox 240 2563 432 2648; x_wconf 77' lang='grc' dir='ltr'><em>πεντήκοντ’</em></span> <span class='ocrx_word' id='word_1_137' title='bbox 461 2565 544 2651; x_wconf 76' lang='grc' dir='ltr'><em>αὐτη</em></span> <span class='ocrx_word' id='word_1_138' title='bbox 571 2565 737 2651; x_wconf 88' lang='grc' dir='ltr'><em>Νικαρέτη</em></span> <span class='ocrx_word' id='word_1_139' title='bbox 761 2568 877 2652; x_wconf 90' lang='grc' dir='ltr'><em>κάρυα.</em></span> 
     </span>
    </p>

    <p class='ocr_par' dir='ltr' id='par_1_6' title="bbox 152 2688 1170 3097">
     <span class='ocr_line' id='line_1_22' title="bbox 218 2688 1169 2778; baseline 0.003 -25"><span class='ocrx_word' id='word_1_140' title='bbox 218 2692 401 2774; x_wconf 86' lang='grc' dir='ltr'><em>Σχόλιον.</em></span> <span class='ocrx_word' id='word_1_141' title='bbox 432 2688 498 2755; x_wconf 78' lang='grc' dir='ltr'><em>Καὶ</em></span> <span class='ocrx_word' id='word_1_142' title='bbox 512 2700 611 2756; x_wconf 90' lang='grc' dir='ltr'><em>τοῦτο</em></span> <span class='ocrx_word' id='word_1_143' title='bbox 626 2691 744 2775; x_wconf 80' lang='grc' dir='ltr'><em>ὅμοιόν</em></span> <span class='ocrx_word' id='word_1_144' title='bbox 760 2690 889 2778; x_wconf 77' lang='grc' dir='ltr'><em>ἐστιτῷ</em></span> <span class='ocrx_word' id='word_1_145' title='bbox 906 2703 961 2755; x_wconf 59' lang='grc' dir='ltr'><em>κεῖυ</em></span> <span class='ocrx_word' id='word_1_146' title='bbox 980 2688 1035 2756; x_wconf 80' lang='grc' dir='ltr'><em>καὶ</em></span> <span class='ocrx_word' id='word_1_147' title='bbox 1050 2690 1169 2775; x_wconf 86' lang='grc' dir='ltr'><em>δμοίως</em></span> 
     </span>
     <span class='ocr_line' id='line_1_23' title="bbox 152 2793 1170 2883; baseline 0.004 -24"><span class='ocrx_word' id='word_1_148' title='bbox 152 2793 266 2883; x_wconf 77' lang='grc' dir='ltr'><em>ε’κείνηι</em></span> <span class='ocrx_word' id='word_1_149' title='bbox 291 2797 412 2861; x_wconf 89' lang='grc' dir='ltr'><em>λύεται.</em></span> <span class='ocrx_word' id='word_1_150' title='bbox 451 2797 648 2882; x_wconf 84' lang='grc' dir='ltr'><em>εὑρίσκομεν</em></span> <span class='ocrx_word' id='word_1_151' title='bbox 678 2799 742 2882; x_wconf 77' lang='grc' dir='ltr'><em>γάρ</em></span> <span class='ocrx_word' id='word_1_152' title='bbox 766 2797 914 2882; x_wconf 75' lang='grc' dir='ltr'><em>ἀριθμὸν</em></span> <span class='ocrx_word' id='word_1_153' title='bbox 942 2797 979 2874; x_wconf 84' lang='grc' dir='ltr'><em>ὃς</em></span> <span class='ocrx_word' id='word_1_154' title='bbox 1002 2796 1170 2883; x_wconf 84' lang='grc' dir='ltr'><em>ἐλάχιστος</em></span> 
     </span>
     <span class='ocr_line' id='line_1_24' title="bbox 153 2899 1169 2989; baseline 0.004 -24"><span class='ocrx_word' id='word_1_155' title='bbox 153 2901 200 2965; x_wconf 78' lang='grc' dir='ltr'><em>ὢν</em></span> <span class='ocrx_word' id='word_1_156' title='bbox 224 2901 287 2979; x_wconf 76' lang='grc' dir='ltr'><em>έξει</em></span> <span class='ocrx_word' id='word_1_157' title='bbox 311 2901 392 2986; x_wconf 84' lang='grc' dir='ltr'><em>μέρη</em></span> <span class='ocrx_word' id='word_1_158' title='bbox 416 2900 450 2986; x_wconf 77' lang='grc' dir='ltr'><em>γ’</em></span> <span class='ocrx_word' id='word_1_159' title='bbox 467 2900 500 2967; x_wconf 88' lang='grc' dir='ltr'><em>δ’</em></span> <span class='ocrx_word' id='word_1_160' title='bbox 516 2900 545 2968; x_wconf 85' lang='grc' dir='ltr'><em>ε’</em></span> <span class='ocrx_word' id='word_1_161' title='bbox 560 2901 594 2968; x_wconf 88' lang='grc' dir='ltr'><em>κ’</em></span> <span class='ocrx_word' id='word_1_162' title='bbox 611 2902 658 2987; x_wconf 87' lang='grc' dir='ltr'><em>ιβ’</em></span> <span class='ocrx_word' id='word_1_163' title='bbox 672 2902 741 2968; x_wconf 85' lang='grc' dir='ltr'><em>κδ’·</em></span> <span class='ocrx_word' id='word_1_164' title='bbox 772 2907 841 2969; x_wconf 90' lang='grc' dir='ltr'><em>έστι</em></span> <span class='ocrx_word' id='word_1_165' title='bbox 866 2901 903 2969; x_wconf 72' lang='grc' dir='ltr'><em>δὲ</em></span> <span class='ocrx_word' id='word_1_166' title='bbox 926 2904 944 2970; x_wconf 91' lang='grc' dir='ltr'><em>δ</em></span> <span class='ocrx_word' id='word_1_167' title='bbox 968 2907 1024 2989; x_wconf 65' lang='grc' dir='ltr'><em>ρ’κ,</em></span> <span class='ocrx_word' id='word_1_168' title='bbox 1049 2902 1105 2986; x_wconf 79' lang='grc' dir='ltr'><em>ἀφ’</em></span> <span class='ocrx_word' id='word_1_169' title='bbox 1130 2899 1169 2969; x_wconf 87' lang='grc' dir='ltr'><em>οὗ</em></span> 
     </span>
     <span class='ocr_line' id='line_1_25' title="bbox 152 3007 1169 3097; baseline 0.003 -26"><span class='ocrx_word' id='word_1_170' title='bbox 152 3008 192 3071; x_wconf 89' lang='grc' dir='ltr'><em>τδι</em></span> <span class='ocrx_word' id='word_1_171' title='bbox 214 3007 297 3093; x_wconf 89' lang='grc' dir='ltr'><em>μέρη</em></span> <span class='ocrx_word' id='word_1_172' title='bbox 321 3008 480 3092; x_wconf 81' lang='grc' dir='ltr'><em>ἀρθέντα,</em></span> <span class='ocrx_word' id='word_1_173' title='bbox 503 3012 608 3075; x_wconf 89' lang='grc' dir='ltr'><em>λείπει</em></span> <span class='ocrx_word' id='word_1_174' title='bbox 629 3020 656 3075; x_wconf 77' lang='grc' dir='ltr'><em>“ε“.</em></span> <span class='ocrx_word' id='word_1_175' title='bbox 693 3008 748 3075; x_wconf 83' lang='grc' dir='ltr'><em>καὶ</em></span> <span class='ocrx_word' id='word_1_176' title='bbox 772 3010 885 3094; x_wconf 80' lang='grc' dir='ltr'><em>ἐπειδὴ</em></span> <span class='ocrx_word' id='word_1_177' title='bbox 905 3015 926 3076; x_wconf 78' lang='grc' dir='ltr'><em>ν</em></span> <span class='ocrx_word' id='word_1_178' title='bbox 944 3020 983 3096; x_wconf 76' lang='grc' dir='ltr'><em>τῇ</em></span> <span class='ocrx_word' id='word_1_179' title='bbox 1003 3010 1169 3097; x_wconf 86' lang='grc' dir='ltr'><em>Νικαρέτη</em></span> 
     </span>
    </p>

    <p class='ocr_par' dir='ltr' id='par_1_7' title="bbox 114 3115 1170 3310">
     <span class='ocr_line' id='line_1_26' title="bbox 114 3115 1168 3200; baseline 0.008 -26"><span class='ocrx_word' id='word_1_180' title='bbox 114 3136 139 3174; x_wconf 81' lang='lat'><em>25</em></span> <span class='ocrx_word' id='word_1_181' title='bbox 153 3115 261 3200; x_wconf 87' lang='grc' dir='ltr'><em>κάρυα</em></span> <span class='ocrx_word' id='word_1_182' title='bbox 287 3115 479 3182; x_wconf 84' lang='grc' dir='ltr'><em>ὑπελείπετο</em></span> <span class='ocrx_word' id='word_1_183' title='bbox 512 3119 571 3181; x_wconf 91' lang='grc' dir='ltr'><em>καί</em></span> <span class='ocrx_word' id='word_1_184' title='bbox 594 3119 659 3182; x_wconf 82' lang='grc' dir='ltr'><em>είσι</em></span> <span class='ocrx_word' id='word_1_185' title='bbox 686 3126 789 3183; x_wconf 83' lang='grc' dir='ltr'><em>ταῦτα</em></span> <span class='ocrx_word' id='word_1_186' title='bbox 817 3119 1020 3184; x_wconf 90' lang='grc' dir='ltr'><em>δεκαπλάσια</em></span> <span class='ocrx_word' id='word_1_187' title='bbox 1052 3127 1113 3183; x_wconf 89' lang='grc' dir='ltr'><em>τοῦ</em></span> <span class='ocrx_word' id='word_1_188' title='bbox 1138 3128 1168 3182; x_wconf 73' lang='grc' dir='ltr'><em>ἑ·</em></span> 
     </span>
     <span class='ocr_line' id='line_1_27' title="bbox 152 3220 1170 3310; baseline 0.008 -26"><span class='ocrx_word' id='word_1_189' title='bbox 152 3220 249 3286; x_wconf 85' lang='grc' dir='ltr'><em>πέντε</em></span> <span class='ocrx_word' id='word_1_190' title='bbox 274 3221 405 3298; x_wconf 85' lang='grc' dir='ltr'><em>δεκάκις</em></span> <span class='ocrx_word' id='word_1_191' title='bbox 428 3222 505 3307; x_wconf 90' lang='grc' dir='ltr'><em>&lt;ν&gt;·</em></span> <span class='ocrx_word' id='word_1_192' title='bbox 534 3220 589 3288; x_wconf 83' lang='grc' dir='ltr'><em>καὶ</em></span> <span class='ocrx_word' id='word_1_193' title='bbox 613 3226 739 3307; x_wconf 76' lang='grc' dir='ltr'><em>γίνεται</em></span> <span class='ocrx_word' id='word_1_194' title='bbox 762 3225 779 3290; x_wconf 90' lang='grc' dir='ltr'>ὁ</span> <span class='ocrx_word' id='word_1_195' title='bbox 806 3226 1002 3308; x_wconf 77' lang='grc' dir='ltr'><em>ζητούμενος</em></span> <span class='ocrx_word' id='word_1_196' title='bbox 1029 3225 1170 3310; x_wconf 74' lang='grc' dir='ltr'><em>ἀριθμὸς</em></span> 
     </span>
    </p>
   </div>
   <div class='ocr_carea' id='block_1_6' title="bbox 225 3412 1134 3487">
    <p class='ocr_par' dir='ltr' id='par_1_8' title="bbox 225 3412 1134 3487">
     <span class='ocr_line' id='line_1_28' title="bbox 225 3412 1134 3487; baseline 0.008 -21"><span class='ocrx_word' id='word_1_197' title='bbox 225 3418 239 3466; x_wconf 93' lang='grc'>1</span> <span class='ocrx_word' id='word_1_198' title='bbox 260 3412 311 3482; x_wconf 85' lang='lat' dir='ltr'><em>Ep.</em></span> <span class='ocrx_word' id='word_1_199' title='bbox 326 3414 399 3483; x_wconf 82' lang='lat' dir='ltr'>xlv,</span> <span class='ocrx_word' id='word_1_200' title='bbox 417 3420 476 3468; x_wconf 74' lang='lat'><strong>137.</strong></span> <span class='ocrx_word' id='word_1_201' title='bbox 546 3422 561 3470; x_wconf 80' lang='lat'><strong>2</strong></span> <span class='ocrx_word' id='word_1_202' title='bbox 580 3415 660 3487; x_wconf 79' lang='grc' dir='ltr'><em>παρὰ</em></span> <span class='ocrx_word' id='word_1_203' title='bbox 678 3416 828 3484; x_wconf 77' lang='grc' dir='ltr'><em>στάξαντες</em></span> <span class='ocrx_word' id='word_1_204' title='bbox 847 3417 890 3472; x_wconf 83' lang='lat' dir='ltr'><em>ed.</em></span> <span class='ocrx_word' id='word_1_205' title='bbox 959 3424 975 3471; x_wconf 87' lang='grc'><strong>3</strong></span> <span class='ocrx_word' id='word_1_206' title='bbox 993 3418 1087 3473; x_wconf 80' lang='grc' dir='ltr'><em>πεσὼν</em></span> <span class='ocrx_word' id='word_1_207' title='bbox 1106 3419 1134 3473; x_wconf 91' lang='grc' dir='ltr'><em>Ρ.</em></span> 
     </span>
    </p>
   </div>
   <div class='ocr_carea' id='block_1_7' title="bbox 155 3481 1168 3611">
    <p class='ocr_par' dir='ltr' id='par_1_9' title="bbox 155 3481 1168 3611">
     <span class='ocr_line' id='line_1_29' title="bbox 155 3481 1168 3610; baseline 0.01 -74"><span class='ocrx_word' id='word_1_208' title='bbox 155 3481 262 3608; x_wconf 52' lang='grc' dir='ltr'><em>4ρὲοίν</em></span> <span class='ocrx_word' id='word_1_209' title='bbox 282 3487 377 3610; x_wconf 60' lang='grc' dir='ltr'><em>ηράερ,</em></span> <span class='ocrx_word' id='word_1_210' title='bbox 426 3483 545 3558; x_wconf 77' lang='grc' dir='ltr'><em>σέτορε</em></span> <span class='ocrx_word' id='word_1_211' title='bbox 564 3485 594 3544; x_wconf 92' lang='grc' dir='ltr'><em>Ρ,</em></span> <span class='ocrx_word' id='word_1_212' title='bbox 646 3493 680 3542; x_wconf 85' lang='grc'><em>14</em></span> <span class='ocrx_word' id='word_1_213' title='bbox 698 3488 749 3558; x_wconf 84' lang='lat' dir='ltr'><em>Ep.</em></span> <span class='ocrx_word' id='word_1_214' title='bbox 765 3488 838 3558; x_wconf 86' lang='lat' dir='ltr'>XIV,</span> <span class='ocrx_word' id='word_1_215' title='bbox 854 3494 914 3544; x_wconf 85' lang='grc'><strong>138.</strong></span> <span class='ocrx_word' id='word_1_216' title='bbox 962 3494 995 3548; x_wconf 80' lang='lat'><em>16</em></span> <span class='ocrx_word' id='word_1_217' title='bbox 1014 3487 1110 3546; x_wconf 85' lang='grc' dir='ltr'><em>Κλείδ’</em></span> <span class='ocrx_word' id='word_1_218' title='bbox 1127 3489 1168 3546; x_wconf 90' lang='lat' dir='ltr'><em>ed.</em></span> 
     </span>
     <span class='ocr_line' id='line_1_30' title="bbox 242 3573 385 3611; baseline 0.021 -3"><span class='ocrx_word' id='word_1_219' title='bbox 242 3573 295 3610; x_wconf 81' lang='lat' dir='ltr'><em>va</em></span> <span class='ocrx_word' id='word_1_220' title='bbox 336 3574 346 3609; x_wconf 96' lang='lat'>1</span> <span class='ocrx_word' id='word_1_221' title='bbox 379 3599 385 3611; x_wconf 91' lang='lat'><strong><em>.</em></strong></span> 
     </span>
    </p>
   </div>
   <div class='ocr_carea' id='block_1_8' title="bbox 0 0 1298 3984">
    <p class='ocr_par' dir='ltr' id='par_1_10' title="bbox 0 0 1298 3984">
     <span class='ocr_line' id='line_1_31' title="bbox 0 0 1298 3984; baseline 0 0"><span class='ocrx_word' id='word_1_222' title='bbox 0 0 1298 3984; x_wconf 95' lang='lat' dir='ltr'><em> </em></span> 
     </span>
    </p>
   </div>
  </div>
 </body>
</html>
