2578 3984
367 177 617 233 PACHYMERAE
636 178 894 236 PARAPHRASIS.
1095 183 1137 247 81

117 342 180 407 τὸν
195 343 302 425 κύβον
316 342 377 407 τὸν
394 351 430 427 ἦ,
452 341 470 407 6
489 327 514 426 β
529 344 696 427 δηλονότι,
717 343 753 419 ὅς
772 343 862 408 ἐστιν
877 343 981 408 αὐτοῦ
1000 347 1138 430 πλευρά,

117 450 267 532 ποιήσει·
291 449 336 526 ώς
359 450 421 533 γάρ
441 449 462 533 ἡ
481 452 608 535 πλευρά
631 448 683 515 ἐπὶ
707 451 766 514 τὸν
790 450 998 535 τετράγωνον
1016 457 1139 518 πολλα-

117 560 367 621 πλασιασθεῖσα
396 557 455 621 τὸν
483 557 588 640 κύβον
617 557 721 622 ἐποίει
750 554 805 622 καλ
833 552 876 641 ἡν
904 556 922 622 6
950 562 1138 623 πολλαπλα-

119 663 262 746 σιασμὸς
286 661 434 747 ἀριθμοῦ
458 661 510 728 ἐπὶ
535 665 682 749 δύναμιν
703 665 763 729 τὸν
785 663 1007 747 τετράγωνον,
1032 665 1138 743 οὕτως

117 767 176 832 καὶ
200 770 328 855 πλευρά
355 778 415 835 τοῦ
444 770 551 853 κύβου
577 769 621 847 ὡς
644 769 788 855 ἀριθμὸς
811 768 864 835 ἐπὶ
887 771 993 854 κύβον
1016 776 1136 838 πολλα·
1163 796 1177 835 5

117 881 365 941 πλασιασθεῑσα
396 887 487 940 ποιεῖ
512 877 788 960 ἃυναμοθύναμιν
820 878 880 942 τὸν
908 879 956 945 c}-
990 875 1042 954 θὶς
1073 880 1136 962 γάρ

117 984 160 1046 τά
187 991 224 1066 ἦ,
245 985 290 1051 ῖς·
318 983 401 1047 ὥστε
425 981 443 1047 6
468 985 515 1065 ιξ,
544 983 589 1059 ώς
616 979 678 1066 μὲν
701 982 765 1048 άπὸ
795 992 855 1048 τοῦ
883 984 1030 1070 τετράκις
1053 971 1137 1050 τάθ

117 1088 332 1171 τετραγώνου
360 1082 413 1173 ἐφ’
436 1085 570 1170 ἑαυτόν,
600 1089 686 1154 οὕτω
716 1085 753 1154 δὲ
781 1087 835 1154 καλ
865 1089 927 1155 άπὸ
956 1099 1016 1156 τοῦ
1040 1089 1138 1176 θὶςῆ

118 1195 270 1280 ἀριθμοῦ
299 1192 352 1260 ἐπὶ
379 1195 494 1278 κύβον.
530 1195 631 1260 πάλιν
654 1195 798 1282 ἀριθμὸς
827 1194 879 1262 ἐπὶ
904 1199 1137 1282 θυναμοᾶύνα-

22 1369 24 1376 ,
118 1327 181 1386 μιν
212 1299 539 1378 πολλαπλασιασθεὶς
572 1303 807 1386 θυναμύκυβον
839 1315 941 1369 ποιεῖ·
979 1302 1136 1388 ἐλέγομεν
1151 1329 1178 1369 ιο

117 1410 185 1492 γάρ
205 1410 440 1494 θυναμόκυβον
459 1409 520 1474 τὸν
535 1407 571 1474 ἐκ
589 1414 907 1494 πολλαπλασιασμοῦ
926 1413 1137 1496 τετραγώνου

119 1512 175 1580 ἐπὶ
194 1517 254 1580 τὸν
268 1514 332 1580 άπὸ
351 1523 409 1599 τῆς
428 1515 529 1599 αὐτῆς
547 1515 635 1602 αὐτῷ
655 1521 801 1598 πλευρᾶς
819 1519 925 1600 κύβον
939 1520 1135 1603 γινόμενον·

119 1613 196 1686 οἷον
216 1621 365 1706 τετράκις
388 1621 406 1687 6
430 1631 451 1706 ἦ
474 1623 586 1706 κύβος,
610 1607 668 1706 ᾗ·
697 1633 818 1689 τοῦτον
840 1634 931 1689 ποιεῖ
956 1623 1011 1690 καὶ
1038 1624 1136 1710 άριθ-

119 1731 182 1813 μὸς
210 1727 263 1794 ἐπὶ
291 1729 568 1814 θυναμοθύναμιν
596 1734 934 1808 πολλαπλασιασθείς·
963 1731 1068 1818 ὁγὰρ
1091 1735 1134 1816 ῖέ,

119 1837 167 1912 ὡς
203 1836 349 1919 γεγονὼς
386 1835 449 1901 άπὸ
487 1842 804 1922 πολλαπλασιασμοῦ
841 1835 897 1923 ἐφ’
924 1836 1042 1905 ἑαυτὸν
1074 1848 1135 1906 τοῦ
1150 1861 1178 1902 15

118 1944 330 2026 τετραγώνου
350 1928 385 2025 6,
410 1944 683 2042 δυναμοθύναμίς
706 1945 786 2010 ἐστι·
810 1954 931 2011 τοῦτον
952 1945 969 2011 6
990 1950 1011 2029 β
1039 1946 1136 2030 άριθ-

1 2069 2 2086 ·
119 2051 182 2133 μὸς
210 2048 247 2126 ὃς
274 2045 317 2132 ἦν
344 2052 471 2135 πλευρά
497 2061 558 2116 τοῦ
582 2051 617 2133 6,
645 2053 921 2131 πολλαπλασιάζει
949 2051 1004 2118 καλ
1032 2061 1135 2140 γεννᾷ

117 2157 178 2221 τὸν
194 2156 438 2241 δυναμόκυβον.
481 2157 624 2243 ἀριθμὸς
643 2159 663 2222 6
667 2154 675 2181 '
690 2153 790 2236 αὖθις
808 2157 1135 2238 πολλαπλασιασθεὶς

118 2260 173 2327 ἐπὶ
202 2263 449 2347 ἃυναμόκυβον,
477 2267 667 2347 κυβόκυβον
690 2264 917 2348 ἀπεργάζεται·
943 2269 1135 2350 κυβόκυβον

118 2371 184 2455 γάρ
213 2368 370 2453 ἐλέγομεν
392 2370 451 2434 τὸν
475 2368 511 2434 ἐκ
537 2370 645 2452 κύβου
673 2369 724 2455 ἐφ’
744 2369 863 2436 ἑαυτὸν
890 2376 1134 2437 πολλαπλασια-
1149 2397 1176 2437 ιο

119 2476 264 2560 σθέντα,
298 2477 407 2562 ὥσπερ
439 2477 498 2542 τὸν
525 2485 547 2560 ἦ
573 2478 679 2560 κύβον
708 2476 761 2542 ἐπὶ
788 2479 848 2544 τὸν
874 2488 896 2562 ἦ
923 2476 977 2543 καὶ
1006 2480 1065 2544 τὸν
1097 2465 1135 2558 ξθ

117 2591 297 2648 ποιοῦντα·
321 2590 443 2648 τοῦτον
465 2583 525 2647 τὸν
546 2569 588 2661 ’ξθ
609 2585 799 2667 κυβόκυβον
822 2582 877 2648 καὶ
906 2583 923 2649 6
946 2590 1134 2650 πολλαπλα-

118 2691 259 2775 σιασμὸς
287 2697 348 2755 τοῦ
371 2688 519 2774 άριθμοῦ
543 2688 596 2755 ἐπὶ
618 2690 678 2754 τὸν
702 2691 938 2774 θυναμόκυβον
961 2690 1134 2774 ἀπεργάζε-

117 2814 186 2861 ται·
207 2798 440 2880 θυναμόκυβος
459 2797 522 2880 γάρ
540 2791 583 2878 ἦν
603 2782 697 2880 ‹Sa-fl·
720 2793 914 2862 τοῦτονκαὶ
934 2797 951 2862 6
972 2782 993 2881 β
1011 2803 1133 2863 πολλα-

116 2903 308 2982 πλασιάζων
337 2904 418 2987 (τὸν
440 2889 500 2986 ξ-θ>
530 2901 757 2985 ἀπεργάζεται·
786 2903 804 2969 6
833 2900 871 2969 δὲ
893 2889 1063 2991 βπλευρά
1091 2901 1133 2988 ἦν
1148 2927 1176 2968 25

117 3018 180 3074 τοῦ
199 3007 232 3087 ἐξ
252 3009 354 3095 ἀρχῆς
372 3011 582 3095 τετραγώνου
601 2995 637 3090 6,
657 3009 689 3088 ἐξ
709 3005 747 3094 ἧς
766 3010 784 3076 6
803 3020 825 3094 ἦ
843 3011 946 3094 κύβος
965 3011 1132 3095 ἐγεννᾶτο,

117 3115 276 3193 ὡσαύτως
300 3118 337 3181 δὲ
360 3115 414 3182 καλ
437 3117 457 3200 ἡ
481 3126 541 3181 τοῦ
564 3125 586 3199 ἦ
613 3117 719 3200 κύβου
746 3119 883 3203 πλευρά.
928 3120 1068 3203 δύναμις
1096 3116 1133 3184 66

118 3220 171 3288 ἐπὶ
196 3224 341 3306 δύναμιν
364 3228 715 3289 πολλαπλασιασθεῖσα
738 3224 1014 3310 δυναμοθύναμιν
1032 3237 1132 3309 ποιεῖ,

116 3327 181 3394 κάν
201 3328 322 3395 ἑαυτὸν
340 3329 605 3414 πολλαπλασιάζγ
626 3329 644 3394 6
663 3330 878 3416 τετράγωνος,
900 3331 945 3408 ώς
962 3333 1002 3396 τά
1020 3333 1132 3417 τετρά-

117 3460 168 3513 κις
188 3421 225 3519 6,
249 3435 311 3502 κάν
331 3437 433 3502 άλλον
452 3437 662 3524 τετράγωνον
681 3436 827 3522 δύναμιν
846 3439 926 3503 ὄντα
944 3436 999 3503 καλ
1017 3438 1132 3522 αὐτόν,
1146 3461 1174 3500 το

1 3601 2 3614 2
117 3543 162 3620 ώς
185 3545 226 3607 τά
249 3543 396 3628 τετράκις
420 3547 460 3612 t}
500 3546 642 3629 δύναμις
670 3539 707 3609 66
735 3542 789 3610 ἐπὶ
816 3546 922 3629 κύβον
944 3549 1132 3611 πολλαπλα-

170 3658 343 3710 Dmmmus,
358 3659 392 3699 ed.
407 3659 543 3710 Tannery.
566 3661 598 3702 H.
956 3655 971 3700 6
