2568 3980
388 217 541 273 SCHOLIA
559 217 598 271 IN
617 217 869 275 DIOPHANTUM.
1078 220 1143 285 139

121 380 283 465 μονάδων
298 376 393 464 οὖσα,
408 379 553 467 ἀριθμός
567 380 668 464 ἐστιν,
689 381 707 447 ὁ
724 378 761 447 δὲ
776 381 840 449 ἀπὸ
854 392 914 449 τοῦ
928 387 950 467 β
963 384 1144 466 γενόμενος

120 487 329 572 τετράγωνος
352 487 370 554 δ
392 473 415 553 δ
438 488 523 572 ἐστι,
555 489 730 573 διῃρήσθω
753 491 808 554 καλ
832 489 852 572 ἡ
876 493 945 554 ΑΓ
968 490 1073 573 μονάς
1096 492 1144 566 εἰς

121 599 179 658 ἴσα
212 579 233 658 δ
260 591 410 678 τέταρτα,
441 594 481 658 τὰ
511 597 589 677 ΑΖ,
619 598 701 677 ΖΗ,
728 598 813 678 ΗΘ,
842 598 911 660 ΘΓ.
955 597 1047 660 ἔσται
1079 591 1142 661 οὖν

122 699 265 765 ἕκαστον
296 701 426 766 τούτων
458 700 605 785 μονάδος
636 698 812 786 τέταρτον,
844 699 899 766 καὶ
926 702 951 786 ἡ
981 706 1046 766 ΑΖ
1078 704 1143 788 άρα

123 810 336 892 δυναμοστόν
364 806 469 891 ἐστιν,
501 809 575 891 ἤτοι
602 807 750 891 μονάδος
778 810 835 873 δω.
872 807 927 873 καὶ
954 810 1049 893 ἤχθω
1078 807 1141 874 ἀπὸ
1169 829 1183 869 5

121 911 184 1000 μὲν
207 923 267 980 τοῦ
290 918 322 979 E
343 917 482 1000 σημείου
504 914 715 999 παράλληλος
737 923 776 999 τῇ
800 917 870 980 ΑΓ
889 915 1006 1002 εὐθείᾳ
1025 915 1045 999 ἡ
1065 919 1141 998 ΕΚ,

122 1021 187 1088 ἀπὸ
216 1016 254 1086 δὲ
280 1025 400 1085 τῶνΖ
431 1018 487 1085 καὶ
509 1023 549 1084 Η
576 1017 631 1085 καὶ
659 1025 688 1086 Θ
715 1022 921 1107 παράλληλοι
951 1032 990 1108 τῇ
1014 1026 1079 1087 ΑΒ
1108 1023 1145 1086 αδ

124 1133 199 1212 ΖΛ,
220 1131 308 1211 HM,
329 1130 405 1192 οΝ.

187 1233 278 1299 Ἐπεὶ
302 1228 364 1300 οὖν
388 1233 469 1299 ὅλον
491 1235 529 1300 τὸ
547 1237 689 1298 ΑΒΓΔ
711 1238 732 1318 β
755 1235 914 1320 μονάδων
937 1233 1039 1320 ἐστίν,
1061 1234 1082 1319 ἡ
1105 1231 1142 1300 δὲ

123 1346 207 1407 ΗΜ
225 1342 301 1427 δίχα
326 1341 406 1406 αὐτὸ
430 1341 555 1425 τέμνει,
584 1343 621 1407 τὸ
646 1341 710 1426 άρα
733 1346 812 1407 AM
831 1343 1017 1426 μονάδοςᾶ
1042 1345 1141 1409 ἔσται.
1157 1365 1183 1404 ιο

123 1450 224 1515 πάλιν
247 1446 317 1514 ἐπεὶ
343 1448 382 1513 τὸ
405 1452 487 1514 ΑΜ
511 1449 659 1533 μονάδος
692 1447 761 1513 ἐστὶ
788 1457 825 1532 οῖ,
858 1449 879 1533 ἡ
910 1446 947 1514 δὲ
975 1453 1038 1514 ΖΛ
1067 1450 1143 1533 δίχα

124 1556 205 1622 αὐτὸ
227 1553 356 1639 τέμνει,
379 1555 417 1618 τὸ
441 1555 506 1640 άρα
529 1559 598 1620 ΑΛ
620 1553 765 1638 ἡμίσεως
788 1558 879 1620 ἔσται
903 1556 1063 1640 μονάδος·
1087 1553 1143 1620 καὶ

126 1661 289 1730 δέδεικται
312 1663 401 1739 ὅπως
423 1661 461 1726 τὸ
481 1663 694 1744 δνναμοστὸν
714 1659 767 1727 ἐπὶ
785 1663 845 1727 τὸν
865 1662 1023 1748 ἀριθμόν,
1047 1685 1143 1728 τουτ-

124 1770 194 1836 έστι
220 1771 258 1836 τὸ
287 1773 354 1834 ΑΖ
381 1766 434 1834 ἐπὶ
461 1769 522 1852 τὴν
550 1773 631 1851 ΑΒ,
661 1767 812 1835 τουτέστι
839 1770 876 1834 τὸ
901 1771 948 1835 6⁰*
972 1768 1025 1835 ἐπὶ
1047 1771 1088 1834 τὰ
1108 1755 1142 1853 μδ,

123 1877 332 1963 άριθμοστὸν
355 1874 490 1959 ἐποίησε
512 1876 550 1941 τὸ
574 1880 642 1941 ΑΛ
667 1877 811 1940 δοοστδν
834 1876 875 1941 ὃν
898 1877 1053 1961 μονάδος.
1157 1897 1183 1938 15

186 1981 325 2069 Ὁμοίως
348 1980 385 2047 ω
408 1979 463 2047 ιιι
487 1981 546 2048 ειν
568 1984 606 2048 τε
630 1979 692 2066 μιν
715 1987 781 2047 Az
809 1984 1020 2068 ουναμοστὸν
1047 1981 1142 2068 μένα,

124 2090 145 2174 ἡ
175 2087 212 2156 δὲ
235 2095 301 2155 ΑΒ
331 2090 433 2173 κύβος
464 2091 538 2173 ἤτοι
570 2098 591 2173 ἦ
624 2090 782 2173 μονάδων
813 2090 977 2175 ὑποτεθῇ,
1010 2093 1047 2156 τὸ
1075 2096 1144 2155 ΑΛ

123 2197 268 2283 άριθμὸς
291 2199 396 2262 ἔσται·
420 2195 533 2280 ἐπειδὴ
561 2197 625 2281 γὰρ
648 2196 686 2261 τὸ
709 2200 779 2261 ΑΛ
801 2195 958 2281 τέταρτόν
986 2195 1055 2262 ἐστι
1082 2205 1144 2261 τοῦ

124 2308 277 2388 ΑΒΓΔ,
305 2303 476 2369 ὑπόκειται
500 2299 537 2368 δὲ
560 2311 625 2367 νῦν
647 2304 685 2367 τδ
704 2307 881 2388 ΑΒΓΔῆ
904 2304 1078 2389 μονάδων,
1104 2304 1143 2369 τδ

123 2416 192 2477 ΑΛ
216 2412 280 2498 άρα
304 2413 325 2494 β
349 2410 507 2495 μονάδων
529 2412 630 2475 ἔσται.
1156 2432 1183 2472 νο

390 2678 451 2743 ΑΙ)
475 2674 801 2742 DEFINITIONEM
824 2674 879 2741 IX.

191 2840 248 2902 IZ.
286 2841 426 2916 Λεῖψις
458 2833 520 2902 ἐπὶ
552 2842 686 2915 λεῐψιν
717 2840 1143 2902 πολλαπλασιασθεῖσα

122 2955 232 3010 ποιεῖ
265 2943 450 3029 ὕπαρξιν,
487 2948 618 3022 λεῖψις
655 2939 697 3008 δὲ
735 2942 796 3009 ἐπὶ
832 2942 1001 3028 ὕπαρξιν
1037 2953 1146 3007 ποιεῖ

123 3056 266 3128 λεῐψιν.

193 3158 264 3243 Οὐχ
288 3156 400 3236 ἁπλῶς
426 3163 538 3237 λεῑψιν
566 3155 668 3241 λέγει,
701 3157 745 3241 μὴ
774 3154 828 3222 καὶ
856 3154 1026 3242 ὑπάρξεως
1052 3179 1144 3232 τινος
1158 3178 1184 3219 νε

124 3264 244 3349 οὔσης,
269 3264 352 3330 ἀλλὰ
374 3263 517 3345 ὕπαρξιν
541 3267 684 3348 έχοοσαν
707 3268 830 3341 λεϊάιν·
860 3264 905 3341 ὡς
928 3263 986 3328 ἐάν
1009 3263 1144 3327 ὑποθώ-

123 3377 214 3456 μεθα
247 3373 307 3437 τὸν
333 3362 382 3440 5'0’
414 3365 500 3436 εἶναι
529 3382 565 3455 μθ
581 3355 620 3454 δ,
652 3367 708 3436 καὶ
739 3381 855 3456 φῶμεν
888 3370 939 3435 ὅτι
970 3371 1053 3434 έστω
1086 3368 1144 3433 ὅδε

196 3606 214 3653 4
231 3599 365 3672 τέταρτον
384 3600 416 3670 Κ,
436 3597 570 3672 τετάρτου
589 3599 648 3656 alii.
