2568 3980
354 189 508 246 SGHOLIA
524 189 565 244 IN
582 189 834 248 DIOPHANTUM.
1032 191 1098 256 215

145 350 182 420 ‘0
218 353 332 440 μέντοι
361 357 553 438 Διόφαντος
588 353 696 418 πάντα
733 355 779 430 εἰς
811 355 847 419 ἓν
880 348 968 430 εἶδος
1004 356 1099 437 άγειν

82 465 306 547 βουλόμενος,
329 460 391 527 οὐκ
414 461 477 525 άπὸ
501 460 658 545 μονάδων
681 458 737 526 καὶ
759 465 887 547 μορίων
909 471 1001 526 ποιεῖ
1016 463 1098 536 τοὺς

3 625 4 630 ,
83 569 325 652 τετραγώνους,
348 563 421 633 ἀλλ’
439 564 509 633 ἐπεὶ
531 569 568 632 τδ
592 563 653 652 μδν
676 571 795 652 μόριον
819 567 899 633 αὐτὸ
922 563 1001 632 καθ’
1018 567 1098 632 αὑτὸ

3 661 4 670 ³
84 676 217 760 μονάδα
232 674 390 759 γενέσθαι
410 674 593 759 άμήχανον,
611 675 673 758 τὴν
687 673 801 758 μέντοι
819 674 949 758 μονάδα
967 671 1099 758 τέμνειν

3 813 4 816 ’
84 784 131 859 εἰς
156 785 256 868 μόρια
280 783 440 864 δυνατόν,
468 779 579 865 τέμνει
606 783 663 857 τάς
686 781 723 846 ἐν
747 780 859 857 αὐτοῖς
882 781 1030 865 μονάδας
1053 782 1100 856 εἰς
1127 809 1142 848 ε

84 893 186 973 μόρια
210 889 369 973 ὁμώνυμα
392 899 462 964 τοῖς
484 887 522 953 ἐν
544 888 658 963 αὐτοῖς
682 886 850 973 εὑρεθεῖσι
873 891 1018 974 μορίοις,
1044 885 1100 952 παὶ

84 995 156 1061 ἐπεὶ
187 1004 251 1060 πεοο
281 993 336 1060 καὶ
369 1007 410 1060 εοο
444 995 480 1060 ἐν
511 994 625 1070 αὐτοῖς
656 993 824 1077 ἀνεφάνη,
857 992 967 1079 τέμνει
999 993 1101 1070 αὐτοῖς

84 1103 168 1168 κατὰ
205 1104 264 1168 τὸν
299 1113 433 1185 πρῶτον
470 1100 532 1165 άπὸ
565 1099 710 1184 μονάδος
743 1103 860 1185 ἔχοντα
893 1101 932 1164 τά
964 1111 1101 1167 τοιαῦτα

85 1207 169 1295 μέρη
190 1208 347 1294 ἀριθμόν,
371 1207 406 1284 ὅς
426 1206 515 1272 ἐστιν
535 1205 552 1271 6
575 1208 623 1288 πῖ,
646 1204 701 1270 καὶ
725 1209 876 1290 γίνονται
899 1218 966 1272 τών
989 1231 1101 1294 τετρα-

84 1316 206 1398 γώνων
228 1316 268 1379 τὰ
291 1317 404 1400 μόρια,
429 1322 489 1379 τοῦ
512 1309 573 1397 μὲν
595 1316 674 1396 σαῖς,
697 1324 757 1380 τοὺ
781 1310 818 1378 δὲ
842 1299 922 1398 ρμ-δ,
946 1314 967 1379 6
990 1333 1101 1380 συυτι-
1116 1343 1142 1382 ιο

85 1421 214 1506 θέμενα
237 1429 372 1486 ποιοῦσι
393 1421 452 1485 τὸν
470 1429 508 1502 ῦ,
533 1419 573 1485 δν
596 1418 651 1484 καὶ
675 1420 692 1486 6
716 1423 752 1490 ῐξ
773 1431 864 1486 ποιεῖ
883 1423 965 1488 αατδι
988 1424 1047 1488 τὸν
1065 1427 1102 1488 νᾶ

85 1531 303 1613 τεμνόμενος·
329 1538 397 1596 asu?
420 1529 482 1610 γάρ
506 1528 546 1591 τά
568 1530 620 1611 α-ε,
643 1537 674 1592 υ.

145 1632 247 1698 Ὅταν
272 1629 335 1699 οὑν
358 1632 436 1719 λε’γῃ
464 1634 514 1698 ὅτι
536 1635 595 1699 τὸν
618 1637 654 1702 l}
676 1634 884 1720 τετράγωνον
909 1636 1032 1699 διελεῖν
1056 1636 1103 1710 εἰς

87 1742 150 1808 δύο
170 1741 408 1827 τετραγώνους,
432 1741 549 1824 ὅμοιόν
568 1758 672 1824 φησιν
691 1741 736 1817 ὡς
755 1744 786 1806 εἰ
802 1745 915 1826 ἔλεγεν
934 1742 984 1806 ὅτι
1002 1743 1104 1807 τὸυῦ

87 1849 297 1933 τετράγωνον
321 1846 546 1934 (τετράγωνον
570 1844 600 1911 δ’
619 1847 682 1912 άπὸ
705 1852 851 1932 πλευράς
880 1857 940 1914 τοῦ
970 1850 1003 1933 α)
1038 1849 1103 1913 διε·
1118 1873 1144 1915 15

87 1962 160 2021 λεῖν
184 1957 230 2032 εἰς
254 1955 316 2020 δύο
339 1954 578 2041 τετραγώνους,
601 1953 656 2019 καὶ
677 1955 718 2037 δὴ
738 1955 861 2020 διελεῖν
880 1955 983 2020 αὑτὸν
1001 1961 1049 2031 εἴς
1068 1979 1103 2020 τε

87 2063 147 2127 τὸν
170 2064 234 2130 ff
256 2060 312 2127 καὶ
339 2063 398 2126 τδν
417 2046 505 2146 ρμδ·
533 2060 553 2144 ἢ
582 2059 637 2125 καὶ
665 2061 787 2138 οὑτως·
815 2061 927 2146 εὑρεῖν
956 2062 1104 2146 ἀριθμὸν

89 2163 146 2253 ἐφ’
178 2167 218 2233 ὃν
250 2165 577 2244 πολλαπλασιασθεὶς
609 2166 626 2232 6
659 2171 694 2235 ιξ
727 2171 857 2251 ποιήσει
894 2168 1104 2252 τετράγωνον

3 2263 4 2330 Ῐ
89 2276 238 2360 ἀριθμὸν
274 2275 365 2351 ὅστις
401 2276 614 2361 διαιρεθῆναι
651 2276 793 2350 δυνατὸς
830 2276 921 2340 ἔσται
956 2277 1003 2351 εἰς
1040 2274 1103 2339 δὺο

90 2382 333 2466 τετραγώνους,
365 2383 409 2465 μὴ
437 2383 640 2465 τεμνομένης
668 2378 831 2443 ἐνταυθοῖ
855 2391 911 2464 τῖγς
940 2381 1104 2465 μονάδος·
1119 2409 1146 2448 εο

90 2489 145 2555 καὶ
169 2487 305 2574 εὑρηται
328 2486 345 2552 6
369 2491 416 2570 τῖε,
440 2482 494 2569 ἐφ’
512 2487 551 2552 ὃν
574 2483 900 2563 πολλαπλασιασθεὶς
923 2487 940 2552 6
962 2491 999 2557 ῑξ
1017 2499 1106 2553 ποιεῖ

3 2621 4 2654 ο
90 2599 150 2661 τὸν
173 2604 196 2660 ῦ
217 2593 427 2679 τετράγωνον
450 2595 531 2658 ὄντα
555 2592 618 2657 άπδ
641 2596 786 2675 πλευροῖς
812 2601 872 2656 τοῦ
896 2595 931 2675 π,
961 2593 997 2670 ὃς
1021 2595 1105 2658 διαι-

92 2713 196 2788 ρεῖται
219 2703 266 2778 εἰς
289 2701 351 2765 δύο
375 2699 613 2784 τετραγώνους,
636 2699 695 2763 τὸν
713 2699 777 2766 σιῖέ
796 2698 859 2763 άπὸ
882 2703 1026 2784 πλευρᾶς
1044 2710 1105 2766 τοῦ

90 2812 136 2894 ss,
160 2807 297 2875 καὶτὸν
321 2792 386 2893 ρμδ
410 2805 472 2872 άπὸ
495 2811 640 2891 πλευράς
662 2814 722 2870 τοῦ
741 2791 790 2890 ιώ.

162 2918 207 2980 Τὸ
241 2913 280 2979 δέ
310 2932 413 2998 φησιν
446 2913 513 2978 ὅτι·
546 2912 704 2978 πλάσσω
732 2915 800 2977 τὸν
831 2917 899 2977 Ποο
923 2912 995 2978 άπὸ
1019 2909 1147 2980 εεοοει

93 3024 195 3088 ὅσον
224 3023 383 3104 δήποτε,
415 3025 522 3096 καλῶς
547 3012 670 3102 λέγων.
716 3018 778 3083 πάν
806 3022 869 3103 γάρ
899 3030 967 3084 τῶν
995 3020 1106 3085 αὐτῶν

93 3127 336 3214 ὑποκειμένων,
362 3126 613 3208 ὑποθώμεθα
596 3128 659 3191 απὸ
682 3127 742 3194 55ο
745 3112 795 3192 6
815 3128 1023 3192 πλάσσεσθαι
1046 3129 1106 3192 τὸν

95 3238 386 3321 Πο,γενήσονται
409 3233 543 3312 ΛΥιζί
494 3237 599 3312 ζῖσαι
618 3245 692 3302 ββοο
674 3234 759 3318 λβ,
783 3258 823 3298 πα
827 3229 935 3303 60'65
957 3244 1028 3319 μοᾶ
1051 3233 1106 3298 καὶ

94 3370 123 3411 ιε
94 3348 204 3426 ἰξο,
228 3343 302 3426 ἤτοι
325 3344 431 3423 λβιζο
442 3338 530 3404 ’ὶαα
553 3343 726 3424 γενήσεται
749 3337 825 3405 6
791 3365 852 3424 μεν
876 3352 922 3406 αοο
945 3342 1107 3426 τετράγω-

165 3578 200 3628 25
219 3573 240 3641 1,
259 3577 302 3640 90,
323 3575 364 3624 ιι.
