2578 3984
318 191 567 248 PACHYMERAE
586 191 846 249 PARAPHRASIS.
1051 191 1091 256 79

71 354 90 419 6
115 339 147 420 {⁰}
167 355 375 439 τετράγωνος
398 356 545 438 πάντως,
569 348 610 420 οὗ
633 356 759 438 πλευρά
781 356 822 419 τὰ
845 358 878 436 γ·
906 360 1092 420 πολλαπλα·

72 461 277 539 σιανθέντος
308 456 371 526 οὖν
399 470 459 527 τοῦ
478 448 508 528 6
530 463 740 547 τετραγώνου
773 459 827 527 ἐπὶ
856 461 918 544 τὴν
944 463 1092 543 πλευράν

72 569 182 634 αὐτοῦ
201 569 260 634 τὸν
279 574 315 652 γ,
338 571 465 651 γίνεται
484 569 502 634 6
521 554 559 648 κζ
575 570 691 651 κύβος·
714 569 757 652 ἣν
776 570 839 652 γάρ
860 564 925 653 εἶχε
944 570 1092 653 πλευράν

72 675 90 740 6
127 674 284 751 ἐπίπεδος
314 676 521 760 τετράγωνος
552 676 635 740 κατά
665 699 701 740 τε
734 685 836 760 μῆκος
872 673 927 739 καὶ
959 675 1090 758 πλάτος,

71 783 201 866 ταύτην
229 779 284 846 καὶ
318 784 400 846 κατά
432 783 493 866 τὴν
523 785 637 867 τρίτην
665 782 851 862 διάστασιν,
879 781 923 864 ἣν
952 781 1091 867 λέγομεν
1118 807 1131 846 ε

72 889 181 973 πάχος
203 887 225 972 ἣ
248 889 356 971 βάθος
379 887 400 972 ἣ
428 889 529 971 ὕψος,
557 888 805 974 προσλαμβάνει
833 886 887 953 καὶ
916 900 1005 953 ποιεῖ
1031 889 1090 954 τὸν

70 996 193 1078 κύβον,
224 994 264 1060 ὃν
292 993 347 1061 καὶ
374 998 498 1079 κυρίως
526 995 691 1081 ἁρμονίαν
720 993 877 1080 ἐλέγομεν
901 993 956 1060 καὶ
985 996 1091 1073 ἰσάκις

73 1097 150 1168 ἶσον
173 1102 288 1179 ἰσάκις.

142 1209 189 1274 Ολ
211 1204 247 1273 δὲ
271 1209 443 1294 δυνάμεις,
472 1209 508 1274 οἵ
530 1211 617 1274 εἰσιν
641 1207 676 1274 ἐκ
698 1208 916 1293 τετραγώνων
939 1205 992 1293 ἐφ’
1016 1206 1090 1273 ἑαυ-

73 1317 154 1392 τοὺς
169 1313 566 1388 πολλαπλασιασθέντων
586 1307 660 1381 οἷον
674 1316 822 1400 τετράκις
840 1315 859 1381 6
876 1301 909 1398 ιλ,
926 1319 973 1383 ἴς·
993 1310 1090 1393 οὗτος
1104 1341 1129 1380 10

72 1423 283 1506 τετράγωνος
316 1422 379 1487 άπὸ
407 1427 552 1507 πλευρᾶς
578 1432 638 1488 τοῦ
662 1408 700 1504 6,
737 1421 820 1487 ἀλλά
851 1420 906 1487 καὶ
939 1423 1089 1507 δύναμις,

73 1531 203 1612 γίνεται
226 1530 290 1613 γάρ
314 1528 379 1595 άπὸ
401 1529 613 1613 τετραγώνου
630 1536 691 1594 τοῦ
715 1513 735 1592 6
758 1527 1090 1594 πολλαπλασιασθέν-

70 1657 128 1712 τος
149 1628 202 1719 ἐφ’
221 1633 355 1700 ἑαυτόν
379 1635 527 1721 τετράκις
549 1637 612 1722 γὰρ
631 1636 649 1701 6
669 1620 705 1720 (λ,
720 1639 768 1704 ι’ς·
792 1636 875 1700 ἀλλά
893 1633 1026 1702 καὶτὸν
1043 1640 1090 1721 ῖς,

71 1741 282 1824 τετράγωνον
306 1743 386 1807 ὄντα
410 1741 445 1807 ἐκ
467 1748 613 1829 πλευρᾶς
636 1751 696 1808 τοῦ
715 1727 752 1825 6,
780 1748 813 1807 ελ
831 1765 881 1819 τις
902 1747 1088 1808 πολλαπλα-

70 1849 180 1913 σιάσει
199 1845 254 1932 ἐφ’
273 1846 391 1914 ἑαυτὸν
415 1849 459 1926 ὡς
481 1851 643 1933 γενέσθαι
661 1853 740 1932 σνξ,
763 1848 819 1915 καὶ
838 1844 935 1926 οὗτος
954 1849 972 1914 6
992 1849 1088 1937 άριθ-
1103 1872 1129 1913 15

70 1956 132 2040 μὸς
156 1955 298 2038 δύναμις
321 1952 460 2038 λέγεται.

140 2062 185 2127 Ολ
210 2059 247 2126 δὲ
275 2063 518 2147 δυναμόκυβοι,
550 2063 586 2128 οἵ
610 2064 697 2127 εἰσιν
726 2062 762 2128 ἐκ
790 2063 1008 2146 τετραγώνων
1036 2060 1089 2127 ἐπὶ

21 2241 26 2252 ,
70 2172 150 2246 τοὺς
180 2167 245 2233 άπὸ
276 2176 333 2251 τῆς
363 2169 465 2252 αὐτῆς
495 2169 608 2246 αὐτοῖς
637 2175 782 2254 πλευρᾶς
811 2169 936 2252 κύβους
967 2173 1089 2234 πολλα·
1167 2165 1172 2172 ’

70 2275 362 2342 πλασιασθέντων·
380 2275 421 2341 ού
439 2277 503 2361 γάρ
523 2276 867 2355 πολλαπλασιάζονται
887 2273 939 2340 ἐπὶ
957 2275 1089 2353 τούτοις

72 2382 125 2468 ἐφ’
144 2381 283 2458 ἑαυτοὺς
307 2382 342 2446 ολ
361 2382 573 2467 τετράγωνοι,
597 2382 653 2448 ἵνα
677 2383 819 2466 δύναμις
841 2379 987 2464 γένηται,
1011 2379 1083 2446 ἀλλ’
1102 2407 1128 2445 20

72 2489 125 2556 ἐπὶ
146 2491 226 2566 τοὺς
248 2490 373 2571 κύβους
392 2492 469 2566 τοὺς
489 2489 553 2554 άπὸ
572 2501 639 2554 τῶν
659 2489 770 2555 αὐτῶν
789 2491 969 2572 γεγονότας
987 2493 1087 2553 πλευ-

71 2607 153 2680 ρῶν·
187 2589 261 2661 οἷον
290 2593 341 2672 δὶς
368 2581 406 2680 β,
426 2581 461 2660 6·
495 2591 592 2673 οὗτος
620 2596 637 2661 6
667 2582 687 2662 6
714 2596 933 2681 τετράγωνος·
966 2602 1088 2658 τοῦτον

71 2702 345 2780 πολλαπλασιάζω
370 2700 424 2767 ἐπὶ
447 2704 506 2767 τὸν
529 2711 550 2786 ἦ
575 2703 611 2780 ὅς
634 2703 704 2768 ἐστι
726 2704 829 2785 κύβος
851 2701 887 2766 ἐκ
910 2709 968 2784 τῆς
986 2685 1087 2765 τοῦδ

71 2814 215 2895 ’πλευρᾶς
239 2808 364 2885 δυάδος
382 2809 560 2892 συνεστώς,
584 2807 638 2876 καὶ
658 2811 714 2874 διά
735 2819 834 2876 τοῦτο
854 2809 1087 2892 δυναμόκυβος

72 2915 200 2999 λέγεται
223 2915 241 2981 6
265 2902 315 2998 λβ.
1100 2938 1126 2977 τε

139 3023 184 3088 Ολ
205 3020 245 3087 δέ
266 3023 330 3087 εἰσι
352 3024 551 3106 κυβύκυβοι,
579 3021 615 3087 οἵ
635 3022 721 3085 εἰσιν
743 3020 780 3086 ἐκ
803 3021 916 3104 κύβων
939 3019 992 3104 ἐφ’
1012 3019 1086 3088 ἑαυ-

70 3133 146 3205 τοὺς
173 3127 573 3194 πολλαπλασιασθέντων·
602 3119 677 3192 οἷον
704 3127 722 3192 6
751 3137 773 3211 ἦ
801 3128 903 3210 κύβος
931 3127 1022 3194 ἐστὶν
1050 3129 1085 3193 ἐκ

70 3242 212 3321 πλευρᾶς
234 3243 294 3300 τοῦ
313 3218 351 3318 β·
377 3243 498 3300 τοῦτον
521 3234 794 3313 πολλαπλασιάξω
818 3231 867 3298 ἐπ’
891 3233 994 3300 αὐτὸν
1022 3236 1082 3300 τὸν

69 3353 101 3428 ἦ,
123 3341 177 3408 καὶ
200 3345 331 3425 γίνεταί
348 3364 405 3426 μοι
424 3340 442 3406 6
462 3326 501 3418 {6
524 3342 720 3424 κυβόκυβος.

140 3577 203 3640 9sq.
220 3570 259 3627 ef.
267 3571 287 3639 1,
296 3575 321 3640 4,
331 3575 409 3626 1-2.
462 3573 541 3638 Περ.
558 3568 745 3640 cf.1,4,3-5.
796 3574 878 3637 26sq.
893 3568 933 3624 cf.
942 3568 963 3639 1,
972 3573 996 3638 4,
1006 3573 1083 3622 6-7.
