2578 3984
180 188 243 253 112
420 188 669 244 PAOHYMERAE
688 187 946 244 PARAPHRASIS.

241 347 313 416 Ἐπὶ
340 350 453 436 μέντοι
481 376 518 435 γε
546 356 750 438 τριπλασίων
781 353 863 416 κατά
895 352 954 416 τὸν
981 352 1110 416 κανόνα
1141 348 1196 416 καὶ

177 460 236 524 τὸν
259 456 312 523 ἐπὶ
334 469 499 545 περιττοῖς
521 461 751 547 προβιβασμὸν
775 460 820 536 ὡς
842 457 1011 542 ἐλέγομεν,
1039 458 1095 522 δεῖ
1115 462 1197 542 λαμ-

177 565 293 648 βάνειν
315 567 375 630 τὸν
398 566 720 650 ὑποπενταπλάσιον,
744 567 789 643 ὡς
812 559 898 630 εἶναι
920 573 982 629 τοῦ
1004 560 1067 650 μὲν
1089 567 1196 648 μείζο-

177 696 236 749 νος
258 672 579 757 ὑποπενταπλάσιον,
602 681 648 761 τῷ
673 671 710 739 δέ
732 673 882 738 ἐλάττονι
899 672 959 737 τὸν
977 671 1096 737 αὐτόν·
1121 663 1196 736 οἷον

150 783 213 844 bn]
236 776 291 844 καὶ
308 789 342 844 ἒ·
364 783 628 865 προστεθήσεται
647 780 701 846 δε
723 778 779 846 καὶ
802 777 1015 864 ἀμφοτέροις,
1039 779 1085 855 ὡς
1107 779 1196 861 γίνε-

178 893 259 953 σθαι
282 889 341 952 τὸν
360 889 493 971 μείζονα
514 872 551 971 λ,
575 888 634 952 τὸν
659 884 695 953 δέ
719 887 877 952 ἐλάττονα
900 889 928 970 ῖ,
953 885 990 951 ἐν
1013 887 1103 973 λόγῳ
1127 908 1196 967 τρι-

176 997 314 1080 πλασίφ.

238 1097 313 1164 Ἐπὶ
337 1096 374 1164 δὲ
396 1102 657 1184 τετραπλασίων,
681 1100 735 1165 ἀεί
751 1100 934 1183 λαμβάνειν
953 1100 1013 1163 τὸν
1031 1098 1196 1164 ὑποεπτα-

177 1206 335 1290 πλάσιον,
365 1205 409 1282 ὡς
436 1202 522 1271 εἶναι
547 1215 608 1271 τοῦ
636 1205 698 1289 μὲν
721 1208 870 1288 μείζονος
892 1205 1196 1287 ὑποεπταπλάσιον,

138 1333 164 1371 ιο
179 1308 254 1378 ἶσον
278 1309 314 1378 δέ
337 1314 382 1400 τῷ
407 1311 569 1377 ἐλάττονι·
599 1305 674 1377 οἷον
696 1314 748 1376 ἀοι
763 1309 818 1376 καὶ
841 1315 877 1395 ν,
899 1309 955 1378 καὶ
979 1312 997 1379 6
1020 1315 1042 1394 μ
1066 1312 1104 1389 ὅς
1127 1311 1196 1376 ἐστι

176 1429 237 1485 τοῦ
265 1422 306 1483 {aa
334 1419 633 1496 ὑποεπταπλάσιος·
662 1418 717 1482 καὶ
746 1416 946 1504 ἀμφοτέροις
975 1421 1195 1504 προστίθεται

177 1525 195 1592 6
218 1529 255 1608 ᾧ,
283 1525 327 1602 ὡς
355 1521 442 1590 εἶναι
468 1526 528 1590 τὸν
556 1522 617 1610 μὲν
641 1527 774 1610 μείζονα
801 1509 858 1609 αθ,
885 1525 945 1589 τὸν
969 1521 1007 1590 δὲ
1034 1525 1195 1591 ἐλάττονα

178 1634 212 1715 ξ,
235 1630 271 1696 ἐν
295 1634 521 1719 τετραπλασίῳ
544 1635 642 1720 λόγῳ.

240 1736 313 1805 Ἐπὶ
343 1736 379 1804 δέ
406 1741 675 1823 πενταπλασίων,
708 1740 762 1804 δεῖ
789 1739 973 1824 λαμβάνειν
999 1741 1060 1804 τὸν
1088 1724 1197 1804 ὑποθ-

138 1863 164 1903 15
177 1845 319 1911 πλάσιον
337 1855 398 1910 τοῦ
420 1848 579 1929 μείζονος,
603 1848 663 1911 τὸν
682 1846 785 1911 αὐτὸν
805 1842 842 1911 66
864 1854 909 1934 τῷ
934 1845 1096 1930 ἐλάττονι,
1123 1838 1196 1912 οἷον

178 1952 195 2016 6
218 1975 253 2016 τε
276 1956 321 2016 π”α
344 1950 399 2018 καλ
419 1953 437 2018 6
461 1939 504 2039 θ,
526 1955 638 2030 κοινὸς
658 1949 695 2018 66
716 1953 734 2018 6
753 1939 780 2019 θ
798 1953 834 2030 ὅς
853 1951 944 2017 ἐστιν
962 1940 1196 2030 ὑποθπλάσιος

177 2056 238 2142 μὲν
265 2066 325 2122 τοῦ
352 2063 413 2142 πά,
447 2058 464 2123 6
493 2059 593 2135 αὐτὸς
620 2055 657 2123 δὲ
689 2065 736 2147 τῷ
764 2058 929 2141 ἐλάττονι,
965 2059 1010 2136 ὡς
1037 2061 1197 2142 γίνεσθαι

175 2168 236 2230 τὸν
258 2161 319 2249 μὲν
343 2168 476 2247 μείζονα
496 2150 540 2250 ἶ,
563 2167 623 2231 τὸν
643 2162 680 2230 66
699 2164 858 2231 ἐλάττονα
875 2167 927 2249 ἰή,
949 2165 986 2230 ἐν
1004 2168 1093 2254 λόγῳ
1118 2188 1196 2233 πεν-

175 2274 380 2338 ταπλασίονι.

137 2397 164 2435 20
241 2374 312 2444 Ἐπὶ
336 2375 373 2443 δέ
397 2377 614 2462 ἑξαπλασίων,
643 2381 697 2444 ἀεί
717 2378 898 2464 λαμβάνειν
920 2380 980 2444 τὸν
1003 2387 1065 2444 τοῦ
1088 2383 1196 2465 μείζο-

176 2511 235 2565 νος
266 2487 527 2569 ὑποΐᾶπλάσιον,
560 2489 620 2552 τὸν
648 2484 749 2551 αὐτὸν
778 2482 814 2550 66
841 2493 887 2573 τῷ
920 2483 1085 2566 ἐλάττονι,
1121 2478 1197 2552 οἶόν

177 2594 267 2660 ἐστιν
286 2593 304 2660 6
326 2597 365 2659 ῐιὲ
387 2590 442 2657 καὶ
462 2592 479 2659 6
498 2600 532 2674 ἒ,
556 2589 592 2669 ὃς
615 2589 670 2656 καὶ
693 2589 893 2678 ἀμφοτέροις
916 2595 1197 2677 προστεθήσεται,

176 2700 231 2767 καὶ
260 2704 434 2785 γενήσεται
465 2698 482 2763 6
514 2697 575 2783 μὲν
603 2701 722 2783 μείζων
745 2684 776 2780 ζ,
811 2697 829 2763 ὁ
858 2693 894 2762 δέ
925 2696 1071 2764 ἐλάττων
1093 2701 1123 2783 ῖ,
1158 2699 1197 2766 ἐν

177 2813 264 2895 λόγῳ
289 2806 482 2893 ἑξαπλασίφ.

136 2929 162 2969 25
241 2911 312 2978 Ἐπὶ
337 2910 373 2976 δὲ
398 2910 644 2997 ἕπταπλασίων,
673 2913 726 2976 ἀεί
751 2910 933 2996 λαμβάνειν
955 2913 1016 2976 τὸν
1039 2921 1101 2979 τοῦ
1125 2916 1196 2997 μεί-

178 3024 272 3099 ζονος
294 3019 555 3102 ὑποῐμπλάσιον,
583 3020 643 3083 τὸν
668 3018 770 3084 αὐτὸν
794 3016 832 3083 δὲ
854 3026 900 3106 τῷ
924 3017 1091 3102 ἐλάττονι,
1120 3013 1196 3086 οἷον
1270 3071 1277 3085 .

177 3127 244 3191 ὅτε
261 3130 302 3210 οή
322 3123 377 3190 καὶ
396 3125 414 3190 6
433 3129 468 3194 ξ·
492 3124 547 3192 καὶ
567 3125 584 3192 6
602 3129 624 3194 ξ
643 3125 679 3190 ἐν
699 3123 899 3210 ἀμφοτέροις
916 3129 1194 3212 προστεθήσεται,

177 3232 221 3310 ὡς
243 3237 399 3317 γίνεσθαι
423 3234 482 3297 τὸν
505 3229 567 3316 μὲν
586 3235 721 3318 μείζονα
743 3218 803 3315 πά,
826 3233 885 3298 τὸν
906 3230 942 3298 δέ
962 3233 1123 3299 ἐλάττονα
1138 3219 1193 3317 ιβ

176 3340 194 3405 6
220 3338 257 3406 δὲ
280 3326 327 3405 πθ
348 3348 408 3404 τοῦ
433 3324 469 3423 ιβ
490 3338 718 3416 ἑπταπλάσιος.

137 3462 163 3500 3⁰
240 3435 310 3513 Ἐπλ
334 3444 371 3512 δέ
395 3447 638 3531 ὀκταπλασίαν,
662 3448 715 3511 δεῖ
734 3445 916 3530 λαμβάνειν
934 3447 993 3511 τὸν
1012 3446 1193 3512 ὑποῖεπλά-

177 3571 261 3639 σιον,
286 3556 330 3632 ὡς
353 3547 440 3620 εἶναι
462 3562 522 3618 τοῦ
547 3549 608 3638 μὶν
632 3555 781 3637 μείζονος
803 3551 1059 3636 ὑποῐὲπλάσιον,
1081 3561 1129 3641 τῷ
1156 3551 1194 3620 δέ
