2578 3984
175 203 218 268 90
418 198 668 255 PACHYMERAE
686 198 945 256 PARAPHRASIS.

174 367 341 450 εὑρόντες,
370 365 466 447 μείζω
495 363 577 447 ὅρον
603 365 787 447 ποιήσομεν
813 360 869 428 καὶ
900 365 960 428 τὸν
989 365 1190 448 λειπόμενον
1275 375 1277 382 ’

174 473 313 553 έλοίσσω,
337 468 452 534 καὶτὸ
476 472 652 554 πρόβλημα
675 469 796 535 λύεται.
832 467 887 535 καὶ
916 463 1016 548 αὖθις
1044 471 1104 536 έδιν
1124 471 1190 538 έπι-
1275 509 1278 570 ρ

172 581 373 662 ταττοίμεθα
406 577 549 661 διαιρεῖν
577 575 613 642 ἐν
641 578 729 665 λόγω
763 576 983 668 έπιεξεβδόμω
1010 576 1066 644 καὶ
1095 581 1127 644 εί
1152 578 1190 644 έν

173 685 342 771 ἑπτογδόω
376 679 431 748 καλ
463 684 495 749 εί
525 683 562 749 έν
590 683 802 771 διιτωεννοίτςο
832 680 888 749 ναὶ
916 680 967 749 ἀεὶ
997 684 1117 762 οὕτως·
1149 687 1190 750 τδ

146 794 236 876 εγδρ
260 789 342 876 μέρή
365 799 469 856 ταῦτα
492 791 573 856 κατὰ
600 788 786 874 ἐναλλαγήν
809 793 975 873 τίθενται,
1004 792 1066 858 δύο
1094 794 1189 877 τρίτα
1278 831 1279 838 1

172 897 227 964 καὶ
249 901 325 981 τρία
348 895 485 981 τέταρτα
507 893 562 962 καὶ
585 894 728 981 τέσσαρα
755 895 885 982 πέμπτα
912 896 968 962 καὶ
990 896 1088 963 πέντε
1112 897 1188 963 ἕκτα

172 1003 227 1070 καὶ
251 1003 323 1088 ἕξής
347 1004 460 1080 οὕτως.

241 1116 269 1176 λ.
303 1111 413 1177 Πύλιν
437 1112 468 1176 εί
489 1110 526 1175 ἐν
549 1112 636 1196 λόγῳ
659 1112 1030 1200 πολλαπλασιεπιμορίω
1060 1112 1188 1176 ἐπιτατ-

171 1221 312 1303 τοίμεθα
336 1218 478 1301 διαιρεῖν
497 1218 556 1282 τὸν
577 1216 722 1282 δοθέντα
740 1217 898 1302 ἀριθμόν,
921 1215 976 1282 καὶ
995 1229 1129 1301 πρῶτον
1150 1217 1187 1284 ἐν

133 1333 218 1411 τιτῷ
247 1326 553 1410 διπλασιεφήμίσει,
586 1324 740 1408 λάβωμεν
767 1333 828 1390 τοῦ
856 1325 938 1389 ὅλου
965 1325 1023 1390 τὸν
1050 1324 1188 1408 ὑποτρι-

172 1434 458 1516 πλασιεφήμισνν·
482 1429 538 1496 καὶ
560 1434 687 1496 τίθεται
712 1430 730 1496 6
753 1440 906 1508 τοιοῦτος
929 1431 1073 1497 έλοίττων
1098 1432 1187 1514 ὅρος,

172 1536 227 1603 καὶ
250 1537 268 1604 6
292 1540 408 1615 λοιπὸς
430 1541 559 1622 μείζων,
583 1535 637 1602 καὶ
666 1540 703 1604 τὸ
733 1535 911 1621 ἐπιταχθὲν
939 1540 1073 1621 γίνεται.
1111 1531 1186 1604 οἷον

173 1647 203 1710 εί
225 1630 264 1709 ιδ
282 1642 372 1710 ἐστὶν
400 1643 418 1709 6
446 1641 562 1721 δοθεὶς
594 1642 751 1729 ἀριθμός,
785 1645 939 1729 λοίβωμεν
971 1645 1094 1710 τούτου
1126 1647 1185 1712 τὸν

172 1753 562 1835 ὑποτριπλασιεφήμισνν
603 1752 662 1816 τὸν
700 1736 736 1835 δ,
777 1750 832 1816 καὶ
873 1759 994 1817 τοῦτον
1033 1754 1186 1836 θήσομεν

132 1881 156 1921 ιτ
172 1858 314 1939 ἐλάσσω,
346 1854 402 1923 καὶ
431 1857 448 1922 6
477 1859 592 1933 λοιπὸς
620 1857 637 1922 6
667 1870 680 1921 ῑ
710 1861 830 1942 μείζων
860 1857 1027 1942 τιθέσθω,
1059 1858 1116 1924 ιιαλ
1147 1861 1184 1924 τὸ

171 1967 345 2050 πρόβλημα
377 1966 516 2047 γίνεται·
549 1963 567 2029 6
596 1965 660 2048 γὰρ
689 1978 702 2029 ῑ
732 1973 793 2030 τοῦ
828 1949 848 2029 δ
876 1967 1184 2050 διπλασιεφήμισυς.
1282 1994 1283 1998 ’

171 2072 293 2155 ὁμοίως
315 2068 370 2135 καὶ
394 2072 425 2136 εί
447 2072 566 2154 δοθείη
590 2070 608 2136 6
627 2074 685 2154 τῆρ’
708 2075 917 2157 ληφθήσεται
940 2073 1004 2157 γὰρ
1024 2071 1042 2136 6
1060 2074 1183 2138 τούτου

170 2177 556 2261 ύποτριτιλασιεφήμισυς
573 2174 628 2240 καὶ
646 2179 823 2260 τεθήσεται
842 2176 992 2241 έλοίσσων
1010 2176 1065 2242 καὶ
1084 2177 1102 2243 6
1117 2182 1184 2244 λοι·

170 2287 231 2362 πὸς
258 2286 392 2369 μείζων,
420 2280 476 2348 καὶ
503 2283 540 2347 τὸ
568 2285 744 2368 πρόβλημα
771 2286 907 2366 γίνεται.
951 2283 1107 2362 ὡσαύτως
1130 2282 1183 2350 καὶ

130 2416 156 2454 ιο
171 2394 202 2457 εί
228 2391 246 2457 6
274 2393 333 2461 ff·
366 2390 488 2455 τούτου
520 2389 907 2473 ὑποτριπλασιεφήμισνς
934 2389 952 2455 6
981 2393 1032 2459 ι’ς·
1063 2400 1185 2459 τοῦτον

169 2505 254 2564 τιθῶ
274 2498 401 2566 ἐλάσσω
421 2493 477 2562 καὶ
490 2496 550 2560 τὸν
565 2499 587 2581 μ
606 2497 716 2579 μείζω,
734 2491 788 2561 καὶ
804 2499 930 2577 γίνεται
943 2499 980 2563 τὸ
996 2497 1183 2582 ἐπιταχθέν.

170 2605 282 2690 ἐπειδή
314 2606 378 2689 γὰρ
410 2606 447 2670 τὸ
477 2603 732 2686 ἐπιταττόμενον
756 2604 1057 2689 διπλασιεφήμισνς
1086 2608 1186 2689 λόγος

169 2709 226 2795 ἦν,
255 2710 309 2778 καὶ
338 2712 356 2778 6
385 2710 559 2787 διπλάσιος
591 2709 624 2788 έξ
656 2709 919 2794 ὑποτριπλασίον
951 2713 995 2789 ὡς
1028 2711 1185 2798 ἐλέγομεν

170 2819 391 2903 έκανονίζετο,
424 2818 441 2883 6
471 2812 508 2881 δέ
535 2817 685 2901 ἡμιόλιος
712 2816 847 2895 σώζεται
875 2812 953 2883 καθ’
976 2818 1093 2903 αὑτόν,
1128 2822 1184 2886 διὰ

130 2947 156 2987 ει
171 2935 267 2991 τοῦτο
291 2925 311 3008 ή
335 2926 430 3001 λύσις
452 2933 519 2988 τῶν
542 2924 704 2989 τοιούτων
727 2924 815 2989 οὕτω
838 2926 973 3007 γίνεται.

236 3032 281 3097 El
302 3027 339 3096 δὲ
362 3031 615 3115 έπιταττοίμεθα
640 3032 783 3116 διαιρεῖν
804 3030 841 3097 έν
864 3033 953 3120 λόγῳ
978 3034 1184 3100 διπλασιεπι-

169 3140 279 3224 τρίτςο,
303 3139 363 3202 τὸν
384 3136 775 3223 ὑποτριπλασιεπίτριτον
797 3147 858 3203 τοῦ
881 3138 962 3204 ὅλον
990 3143 1183 3226 ζητήσομεν,

169 3243 206 3321 ὃς
229 3243 372 3310 ἐλάττων
394 3247 587 3328 τεθήσεται,
611 3242 667 3309 καὶ
690 3243 708 3309 6
732 3244 796 3310 ἀπὸ
820 3253 877 3329 τῆς
900 3245 1092 3331 διαιρέσεως
1115 3253 1184 3313 λοι-

168 3352 229 3428 πὸς
252 3354 386 3436 μείζων,
413 3349 469 3417 καὶ
497 3353 624 3434 γίνεται
646 3352 683 3418 τὸ
707 3350 909 3437 προβληθέν.
956 3344 1031 3418 οἷον
1054 3356 1138 3419 ἔστω
1163 3355 1180 3420 6

239 3586 256 3634 4
275 3579 431 3650 Oportebat
450 3574 640 3653 ἐπιεπτογδόῳ
659 3623 665 3634 .
682 3623 710 3636 ..
731 3576 968 3656 έπιοιιτωεννοίτςο.
