2570 3988
475 259 752 316 PROLEGOMENA.
1054 259 1117 313 XXI

111 444 209 506 quam
231 425 349 486 vocant
367 443 555 505 promovere
575 423 635 487 sub
656 424 789 508 antiquo
808 424 922 488 habitu
942 423 1121 508 vestituque

111 528 185 611 quis
208 527 304 593 hodie
328 549 457 612 sperare
481 529 613 611 potest?

179 631 329 700 Ceterum
348 634 387 698 de
402 634 588 717 Diophanto
608 635 767 718 imprimis
787 640 930 701 erratum
945 641 1004 719 est,
1023 659 1122 722 quum

111 740 350 824 problematum
371 763 501 805 suorum
520 741 633 806 unicus
653 746 765 806 auctor
784 743 923 807 creditus
941 747 1003 807 est:
1023 743 1122 807 arith·

112 847 248 912 metioas
276 851 404 912 tantum
434 847 639 931 quaestiones
667 849 792 934 redegit
821 850 856 913 in
883 871 1012 933 corpus,
1039 851 1124 913 sicut

112 953 224 1018 eodem
247 953 312 1018 fere
336 957 482 1038 tempore
505 955 594 1018 varia
613 956 810 1039 geometrica
828 954 959 1039 Pappus
978 955 1124 1039 collegit3

112 1060 331 1143 antiquiorum
369 1064 476 1125 autem
513 1061 647 1125 nomina
682 1061 709 1126 si
747 1061 953 1146 Diophantus
993 1061 1122 1126 silentio

111 1167 329 1251 praetermisit
355 1167 572 1251 uniformique
601 1168 753 1233 methodo
782 1168 1000 1233 diversitatem
1026 1168 1125 1253 origi·

111 1296 191 1338 num
209 1274 314 1358 primo
334 1273 463 1339 obtutui
482 1274 608 1359 celavit·
625 1274 781 1339 attentius
801 1274 1017 1340 consideranti
1034 1275 1125 1339 dissi·

113 1380 205 1444 milia
237 1381 375 1465 vestigia
408 1380 622 1445 nihilominus
652 1381 821 1465 adparent3
854 1380 1012 1465 quaedam
1041 1382 1125 1445 solu-

111 1488 217 1552 tiones
247 1509 284 1552 ex
311 1509 418 1572 ungue
446 1489 572 1552 leonem
601 1487 760 1571 indicant,
788 1489 870 1552 aliae
893 1488 1014 1552 multae
1039 1486 1125 1551 debi-

114 1593 250 1659 lioribus
269 1594 409 1678 ingeniis
428 1594 594 1658 debentur.
625 1593 829 1678 Quapropter
849 1616 965 1677 operae
984 1593 1125 1679 pretium

113 1700 190 1766 duxi
212 1701 290 1784 fore,
315 1701 342 1764 si
366 1699 539 1786 diligenter
562 1701 597 1764 in
620 1700 726 1765 indice
745 1701 933 1784 graecitatis
953 1701 1126 1765 varietates

112 1808 270 1872 sermonis
298 1812 464 1872 enotarem
488 1829 623 1891 quarum
648 1807 732 1871 haud
757 1829 879 1891 paucae
902 1807 1012 1871 forsan
1035 1807 1127 1871 omit·

111 1915 227 1979 tendae
255 1914 463 1997 videbuntur3
491 1914 669 1997 priscarum
695 1915 920 1979 collectionum
945 1935 1026 1997 quas
1050 1911 1125 1976 Dio·

111 2022 253 2106 phantus
277 2021 465 2106 compilavit
489 2020 689 2085 distinctioni
709 2020 755 2086 sic
771 2020 1012 2111 quodammodo
1032 2041 1125 2103 prae-

113 2127 221 2192 ludere
254 2127 288 2192 in
321 2128 429 2192 animo
462 2125 532 2191 suit.
579 2124 642 2191 Sed
673 2149 759 2192 nunc
792 2149 902 2192 vereor
933 2148 974 2191 ne
1005 2126 1127 2190 frustra

112 2234 258 2300 laborem
277 2257 385 2299 meum
404 2234 624 2318 impenderim,
644 2255 742 2317 quum
761 2235 901 2319 genuina
921 2232 1128 2317 Diophantea

113 2342 167 2407 vix
187 2342 259 2424 ipsa
278 2341 416 2406 discerni
435 2344 567 2424 queant3
586 2343 732 2405 attamen
750 2341 939 2404 tentaminis
953 2339 1040 2404 haud
1054 2361 1126 2422 pae·
1233 2397 1243 2404 r

113 2449 209 2531 nitet,
238 2448 324 2531 quod
351 2449 489 2512 multum
517 2447 598 2511 mihi
622 2447 661 2511 ad
686 2447 925 2511 emendationes
949 2444 1127 2532 contulit1).

190 2642 216 2708 1)
235 2638 325 2703 Quum
343 2639 465 2693 indicem
483 2638 565 2693 illum
584 2639 736 2693 secundum
753 2637 957 2691 Bachetianam
976 2635 1128 2690 editionem

113 2726 282 2796 iampridem
297 2727 455 2782 confectum
468 2727 626 2782 recensioni
640 2743 720 2781 meae
735 2728 871 2795 aptarem,
891 2725 1002 2793 aliquas
1016 2723 1129 2779 dubita·

113 2815 205 2870 tiones
229 2832 317 2869 novas
340 2816 375 2869 de
399 2816 570 2884 quibusdam
592 2814 663 2870 loeis
686 2815 823 2869 adnotare
847 2813 945 2881 debui;
974 2811 1025 2866 alii
1046 2812 1128 2883 plura

113 2906 248 2974 potenmt
271 2903 505 2972 animadvertere;
531 2905 606 2972 quod
630 2904 654 2959 si
676 2903 798 2974 faciunt,
823 2903 901 2958 haud
925 2902 1008 2957 aliter
1027 2918 1129 2972 operae

113 3009 194 3048 meae
214 2992 368 3047 utilitatem
387 2993 598 3062 comprobatam
616 2993 652 3047 iri
670 2993 760 3062 cupio.

185 3081 289 3136 Indicis
309 3083 404 3136 autem
422 3081 453 3134 in
470 3099 552 3136 usum
571 3082 624 3136 hoe
643 3082 755 3137 omnino
774 3082 944 3136 monendum
961 3084 1013 3152 est,
1032 3097 1129 3136 vocem

113 3187 340 3240 unamquamque
370 3170 401 3223 in
428 3186 597 3238 unaquaque
620 3169 800 3240 Diophantea
828 3170 993 3239 quaestione
1018 3168 1130 3224 nonnisi

115 3261 202 3316 semel
222 3263 251 3315 et
268 3259 359 3330 primo
378 3259 441 3315 loco
459 3261 588 3313 notatam
607 3258 704 3328 fuisse,
722 3260 835 3326 quando
856 3258 957 3313 saltem
976 3258 1033 3312 alia
1046 3274 1130 3328 pecu-

115 3349 194 3404 liaris
222 3349 328 3404 mentio
357 3349 483 3404 eiusdem
506 3347 583 3402 vocis
607 3348 684 3401 haud
707 3347 786 3402 utilis
808 3347 880 3402 mihi
901 3348 1062 3414 videbatur3
1091 3345 1131 3399 sic

94 3434 232 3493 'consilio
256 3455 318 3493 meo
343 3438 418 3506 quod
443 3436 541 3506 aperui
562 3436 753 3504 brevitatique
778 3435 862 3490 simul
880 3436 910 3489 in
928 3434 1129 3490 mathematico

118 3543 201 3596 opere
221 3527 291 3582 satis
309 3528 452 3582 considere
471 3525 562 3581 visum
582 3528 632 3580 est.
