2578 3984
171 226 214 290 88
414 225 663 282 PACHYMERAE
682 224 942 281 PARAPHRASIS.

169 392 355 475 πρόβλημα.
388 381 461 455 οἷον
485 391 568 454 ἔστω
592 389 610 454 6
633 373 675 457 λέ
698 387 738 454 ὃν
762 389 905 473 διαιρεῖν
928 388 964 453 ἐν
988 386 1183 476 ἐπιτετάμτῳ

171 500 260 585 λόγῳ
293 498 547 580 ἐπιταττόμεθα·
578 496 700 560 τούτου
729 495 747 560 6
775 493 1185 579 ὑποδιπλασιεπιτίταρτος
1284 511 1286 578 j

169 607 220 671 ii·
244 604 366 669 τούτου
389 604 490 669 πάλιν
511 605 592 685 ζητῶ
616 603 675 667 τὸν
695 600 904 688 ἐπιτίταρτον
922 601 978 667 καλ
1002 604 1093 667 ἐστιν
1113 602 1131 668 6
1148 607 1183 668 ιἰ·

171 719 292 775 τοῦτον
307 713 425 792 τίθημι
440 712 536 793 μείζω
552 708 644 793 ὅρον,
663 708 723 773 τὸν
738 705 775 772 δὲ
790 709 908 773 λοιπὸν
921 709 981 773 τὸν
995 714 1028 777 ῖς
1043 707 1185 774 ἐλάσσω·

143 814 227 882 τκαλ
250 817 340 880 ἐστιν
360 815 377 880 6
396 819 417 880 τι
434 817 518 902 πρὸς
535 816 594 880 τὸν
613 817 646 882 ῖς
665 812 886 899 ἐπιτέταμτος,
905 818 925 879 ιῐ
944 812 981 880 δὲ
999 814 1055 881 καὶ
1075 819 1119 900 ἴς,
1134 803 1185 885 λς.

238 926 283 988 Ec
305 918 342 987 δὲ
366 922 619 1005 ἐπιταττοίμεθα
644 922 786 1004 διαιρεῖν
810 919 846 986 ἐν
871 919 1058 1010 ἐπιπίμτττςο
1085 926 1184 1010 λόγῳ,

170 1032 225 1094 δεῖ
245 1029 428 1114 λαμβάνειν
447 1030 506 1094 τὸν
525 1036 586 1093 τοῦ
605 1028 686 1092 ὅλου
705 1028 1113 1113 ὑποδιπλασιεπίπεμπτον
1130 1029 1186 1096 καλ

169 1136 291 1202 τούτου
311 1129 412 1213 αὖθις
429 1137 489 1201 τὸν
508 1133 721 1219 ἐπίμεμπτον,
744 1131 800 1199 καὶ
817 1143 939 1200 τοῦτον
956 1147 1066 1201 ποιεῖν
1087 1141 1183 1221 μείζω

171 1242 264 1327 ὅρον,
287 1244 346 1308 τὸν
367 1240 403 1308 δὲ
422 1243 541 1308 λοιπὸν
561 1241 699 1323 ἐλάσσω,
721 1238 776 1306 καὶ
795 1243 922 1323 γίνεται
940 1242 979 1324 τὴ
998 1246 1183 1328 πρόβλημα.

130 1373 157 1412 10
172 1341 248 1414 οἷον
285 1352 368 1414 ἐστω
408 1349 448 1415 ὃν
481 1349 720 1432 ἐπιταττόμεθα
753 1349 895 1432 διαιρεῖν
928 1349 964 1414 ἐν
995 1353 1083 1438 λόγῳ
1117 1351 1183 1416 ἐπι-

169 1457 305 1544 πίμπτςο
325 1456 342 1521 6
362 1441 421 1540 ιβ
445 1457 566 1522 τούτου
589 1455 990 1540 ὑποδιπλασιεπίπεμπτός
1013 1456 1104 1522 ἐστιν
1124 1457 1141 1522 6
1162 1471 1184 1541 ῑ,

169 1563 292 1628 τούτου
325 1563 524 1647 ἐπίμεμπτος
552 1561 569 1628 6
598 1547 646 1646 ιβ
677 1571 798 1628 τοῦτον
824 1565 942 1647 τίθημι
965 1565 1062 1646 μείζω
1091 1563 1183 1651 ὅρον,

169 1670 229 1734 τὸν
254 1666 290 1735 δὲ
318 1671 437 1735 λοιπὸν
466 1683 479 1734 ῑ
505 1669 648 1752 ἐλάσσω,
677 1667 733 1735 καὶ
760 1680 844 1735 ποιῶ
868 1671 905 1736 τὸ
930 1668 1121 1755 ἐπιταχθέν·
1150 1657 1185 1754 ιβ

169 1777 234 1860 γάρ
256 1773 312 1841 ααλ
337 1790 362 1859 ῑ,
377 1764 433 1860 ιιβ·
458 1776 476 1841 6
502 1775 538 1841 δὲ
562 1763 597 1858 ιβ
618 1786 679 1841 τοῦ
703 1790 717 1839 c
738 1775 945 1861 ἐπίπεμπτος.

131 1904 157 1946 15
238 1885 283 1947 Εί
305 1879 342 1948 δὲ
366 1883 402 1948 ἐν
421 1881 556 1971 ἐπιίκτῳ
580 1884 668 1971 λόγῳ
691 1883 834 1966 διαιρεῖν
853 1883 1108 1966 ἐπιταττοίμεθα
1125 1885 1184 1949 τὸν

171 1986 317 2054 δοθέντα
341 1988 500 2076 ἀριθμόν,
527 1991 581 2054 δεῖ
601 1992 717 2072 λαβεῖν
739 1990 798 2054 τὸν
822 1990 944 2055 τούτου
967 1989 1184 2055 ὑποδιπλασι-

170 2098 322 2160 επίεκτον
344 2094 400 2160 καλ
427 2096 549 2161 τούτου
576 2096 677 2161 πάλιν
704 2097 764 2161 τὸν
792 2095 952 2178 ἐπίεκτον,
979 2094 1036 2161 ααλ
1063 2105 1184 2162 τοῦτον

170 2200 303 2266 τιθέναι
322 2201 403 2286 ὅρον
422 2204 530 2286 μείζω,
553 2204 613 2267 τὸν
632 2197 670 2266 δὲ
693 2203 811 2267 λοιπὸν
830 2202 970 2285 ἐλάσσω,
993 2201 1048 2267 καὶ
1068 2215 1183 2270 ποιοῦ-

170 2332 232 2392 μεν
259 2308 295 2372 τὸ
323 2310 507 2394 πρόβλημα.
549 2300 623 2375 οἷον
651 2311 733 2374 ε”στω
763 2308 780 2375 6
808 2313 849 2376 ιῖέ
876 2308 916 2375 ὃν
946 2311 1089 2395 διαιρεῖν
1118 2312 1184 2377 ἐπι-

131 2439 158 2478 ιο
171 2419 358 2500 ταττόμεθα
391 2415 427 2480 ἐν
459 2414 595 2505 ἐπιέιιτῳ
629 2419 734 2504 λόγῳ·
770 2415 928 2500 λαμβάνω
966 2418 1088 2483 τούτου
1125 2420 1185 2485 τὸν

169 2523 484 2605 ὑποδιπλασίεκτον,
519 2524 554 2600 ὅς
586 2521 677 2587 ἐστιν
705 2522 722 2587 6
756 2508 805 2606 ὦ,
838 2523 959 2589 τούτου
992 2525 1092 2590 πάλιν
1125 2527 1185 2590 τὸν

134 2651 137 2658 ·
171 2629 331 2714 ἐπίειιτον,
364 2630 400 2707 ὅς
428 2630 518 2695 ἐστιν
547 2630 564 2695 6
594 2615 644 2694 ιδ·
671 2638 792 2694 τοῦτον
819 2633 936 2715 τίθημι
964 2633 1061 2715 μείζω
1090 2630 1185 2716 ὅρον,

169 2740 229 2804 τὸν
261 2735 298 2803 δέ
330 2737 449 2803 λοιπὸν
481 2738 540 2801 τὸν
570 2722 607 2820 ιβ
642 2735 780 2820 ἐλάττω,
812 2734 867 2802 καὶ
899 2739 1030 2820 γίνεταί
1058 2761 1115 2822 μοι
1147 2739 1185 2803 τὸ

170 2842 374 2929 προβληθέν.

130 2972 157 3012 ιτ
238 2949 304 3017 Καὶ
328 2949 446 3035 ἐφεξῆς
468 2951 606 3035 ὁμοίως,
630 2951 713 3016 ὥστε
735 2952 795 3016 τὸν
819 2952 921 3034 λόγον
943 2959 1064 3015 τοῦτον
1088 2952 1155 3029 σάζ
1172 2991 1186 3002 -

171 3064 254 3123 σθαι
281 3056 336 3122 καὶ
364 3056 423 3123 ἐάν
446 3055 498 3123 ἐπλ
526 3058 658 3140 ἀλόγων
681 3057 837 3142 ἀριθμῶν
860 3057 1114 3142 ἐπιταττοίμεθα
1140 3061 1187 3134 είς

170 3164 345 3242 τοιούτους
367 3167 489 3249 λόγους
511 3167 664 3251 διαιρεῖν,
692 3166 797 3249 μόνον
822 3165 853 3229 εί
872 3162 927 3230 καὶ
951 3164 1082 3249 μονάδα
1101 3166 1187 3231 διαι-

171 3283 295 3357 ροίμεν.

237 3384 292 3444 ιιθ.
333 3381 378 3443 Ec
408 3375 445 3444 δὲ
476 3376 533 3443 καὶ
564 3377 601 3442 ἐν
633 3377 782 3465 ἐπιμερεῑ
811 3380 899 3467 λόγῳ
932 3376 1188 3463 ἐπιταττοίμεθα

130 3507 158 3546 ω
172 3487 325 3568 διαιρεῖν,
346 3485 432 3549 οὕτω
456 3486 663 3569 λυθήσονται
685 3486 726 3550 τά
746 3486 971 3569 προβλήματα.

235 3586 456 3674 Ἐπιτετάχθω
477 3592 619 3675 διαιρεῖν
638 3593 697 3656 τὸν
716 3590 862 3656 δοθέντα
881 3590 1027 3678 άριθμὸν
1041 3590 1078 3657 ἐν
1095 3594 1187 3681 λόγῳ
