2570 3988
153 216 296 271 XXXVIII
517 216 795 269 PROLEGOMENA.

154 380 244 464 perio
264 379 316 462 20,
331 378 365 462 53
386 379 437 462 26,
453 379 483 462 5,
498 379 527 459 6,
543 379 600 461 28,
619 377 671 456 28,
688 378 743 462 18,
763 378 884 460 30,14;
902 376 1025 458 34,,16;
1045 375 1165 459 38,14;

152 487 207 567 42,
229 487 282 570 113
306 486 428 569 46,17.
467 484 560 549 Talia
579 484 623 567 Βι
647 484 742 549 facilc
766 484 918 566 correxit,
942 483 998 548 sed
1016 483 1071 566 qui
1091 481 1167 546 Dio·

155 592 349 676 phanteum,
380 615 446 657 non
473 590 683 656 Planudeum
705 613 799 655 usum
831 590 979 675 inquirit,
1009 589 1062 654 vix
1091 588 1167 653 inde

83 684 84 690 ἵ
156 699 278 783 aliquid
306 700 401 764 credo
431 719 541 762 eruere
569 700 686 781 potest.
734 697 868 774 Quoties
893 697 993 782 igitur
1017 716 1166 780 compen-

153 805 241 871 dium
268 806 453 871 teohnicum
481 805 625 870 solutum
654 808 717 888 est,
744 804 797 869 vel
822 804 950 888 quoties
976 802 1165 886 compendio

152 916 232 977 nota
259 913 365 977 finalis
394 912 503 977 addita
530 912 593 976 fuit
620 909 720 998 (quod
743 911 779 975 in
801 913 834 976 A
858 912 965 995 prima
991 932 1089 974 manu
1115 931 1166 974 ra·

152 1041 227 1084 rum
254 1017 339 1106 est),
371 1019 432 1084 hoc
465 1018 549 1082 nihil
581 1017 621 1082 ad
653 1018 800 1082 criticam
833 1018 940 1083 valere
973 1020 1006 1080 et
1038 1015 1166 1080 aliunde

153 1127 342 1191 testimonia
365 1125 548 1209 quaerenda
573 1147 643 1190 csse
666 1146 857 1208 persuasum
880 1123 996 1188 habac.

222 1236 252 1299 2.
285 1232 504 1297 Nihilominus
526 1232 648 1316 optimo
668 1232 737 1296 iure
756 1231 955 1295 clarissimus
973 1228 1165 1294 Hultschius

155 1339 194 1402 de
214 1339 278 1403 alio
298 1338 562 1422 compendiorum
586 1358 703 1422 genere
722 1336 945 1422 quaestionem
964 1337 1079 1402 movit:
1103 1335 1166 1401 etsi

152 1445 239 1510 enim
271 1445 358 1509 inter
391 1445 513 1508 formas
548 1445 746 1525 διπλασίων,
779 1444 982 1526 τριπλασίων
1012 1448 1072 1508 etc.
1102 1442 1166 1506 fre·

153 1552 336 1636 quentiores
366 1555 398 1615 et
426 1527 547 1615 formas
580 1551 769 1631 διπλάσιος,
801 1549 994 1631 τριπλάσιος
1026 1549 1165 1614 rariores

151 1679 229 1722 usus
265 1657 411 1722 codicum
443 1657 592 1742 fluctuet,
629 1680 707 1721 num
739 1655 947 1740 Diophantus
985 1657 1055 1740 ipse
1089 1655 1166 1720 sori-

151 1763 248 1828 bcndi
282 1765 443 1829 rationem
476 1764 652 1828 variaverit
683 1763 805 1848 inquiri
837 1767 955 1847 potest.
1010 1762 1167 1826 Attamen

155 1872 215 1935 sub
238 1870 343 1935 iudice
365 1870 457 1934 litem
481 1871 568 1941 malo
591 1869 788 1952 relinquere3
811 1891 887 1934 nam
909 1869 936 1933 si
954 1867 1164 1952 Diophantus

98 2043 105 2054 ,
153 1978 277 2062 priscos
302 1976 525 2042 arithmeticos
551 1976 750 2060 compilavit,
778 1975 852 2040 illas
876 1997 955 2059 quas
978 1976 1165 2041 inveniebat

152 2085 273 2150 formas
296 2105 425 2148 servare
444 2083 564 2167 potuit3
583 2084 708 2165 quoties
729 2087 837 2147 autem
857 2083 1047 2167 compendia
1067 2084 1165 2166 scrip-

151 2189 231 2256 serit
246 2213 328 2277 quae
343 2190 468 2254 librarii
483 2189 649 2273 solverint,
668 2189 843 2254 diiudicare
857 2189 944 2254 haud
959 2189 994 2253 in
1011 2195 1164 2274 promptu

151 2302 210 2364 cst.
248 2296 337 2373 Quae
356 2296 546 2380 compendia
565 2317 640 2361 vero
660 2298 694 2360 in
714 2295 891 2378 archetypo
911 2296 1165 2383 reperiebantur,

152 2405 198 2470 sic
220 2404 289 2468 fere
313 2404 429 2468 disces:
926 2387 928 2391 ’

220 2511 373 2576 Mendum
397 2507 450 2574 ἐπὶ
477 2532 536 2594 pro
565 2505 768 2574 πενιαπλασ’
792 2510 909 2593 416,8
938 2509 1165 2594 compendium

152 2625 186 2684 ⁸⁷¹
210 2619 261 2683 vel
285 2617 392 2682 simile
416 2616 493 2706 quid
517 2616 650 2700 indicat,
679 2616 758 2681 item
782 2613 1006 2693 ἑκκαιδεκάκις
1031 2639 1090 2700 pro
1114 2614 1166 2682 ἕκ-

151 2719 388 2790 παιδεκαπλασ’
416 2724 488 2802 126,
504 2724 547 2788 10
571 2725 699 2788 brevem
722 2726 850 2787 tantum
878 2727 991 2788 notam
1017 2745 1166 2788 numera·

152 2832 238 2896 libus
261 2831 365 2894 literis
390 2831 574 2915 appositam
597 2830 699 2894 fuisse
723 2828 934 2894 demonstrat.

220 2937 430 3002 Peculiariter
461 2959 520 3020 pro
549 2933 684 3000 διπλασ’
703 2936 735 2999 Α
763 2935 894 3019 scripsit
921 2937 991 2999 All·
1019 2938 1098 3019 386,
1122 2937 1165 3003 25

155 3043 327 3132 (δυνάμεις
345 3042 403 3130 Β).
446 3042 568 3109 Contra
591 3044 775 3107 διπλασίων
800 3041 954 3127 scriptum
979 3047 1035 3107 est
1053 3044 1127 3127 320,
1146 3047 1163 3108 7

152 3172 211 3236 pro
236 3151 302 3233 δίς,
331 3173 411 3234 quac
434 3173 497 3216 vox
522 3149 685 3215 interdurn
713 3152 785 3214 tota
812 3150 995 3233 ponebatur
1018 3148 1164 3234 (226,18

154 3278 174 3340 δ
198 3281 264 3340 λ’σοι
284 3305 326 3328 =
347 3272 427 3362 δίς),
459 3274 621 3340 interdum
646 3274 834 3359 compendio
860 3274 998 3358 quodam
1022 3275 1165 3361 figurata

154 3393 236 3448 erat:
264 3383 338 3466 302,
358 3384 400 3448 23
427 3382 589 3456 0111111δλς
617 3382 771 3465 scriptum
797 3385 848 3445 est
870 3403 929 3464 pro
953 3366 989 3464 d,
1017 3383 1081 3446 nisi
1106 3405 1164 3466 pro

153 3492 277 3568 ducidu3
305 3488 664 3572 0011610316,14δύο
692 3509 751 3571 pro
776 3488 828 3564 δίς
850 3509 966 3571 nempe
990 3510 1029 3552 ex
1052 3485 1086 3571 β’
1112 3489 1166 3574 (cf.

20 3676 43 3681 ῃ
154 3600 232 3681 284,
258 3597 299 3662 16
327 3592 361 3678 γ’
391 3617 449 3679 pro
477 3590 571 3680 τρίς).
621 3595 672 3658 Ex
705 3616 767 3678 quo
801 3593 1024 3677 compendium
1057 3618 1165 3661 meum
