2570 3988
194 188 237 252 36
339 188 387 242 DE
406 186 619 243 DIOPHANTO
638 183 861 242 TESTIMONIA
879 183 1064 240 VETERUM.

195 348 343 414 ἐνταῦθα
366 351 406 414 τά
429 348 512 436 μέρη
542 359 598 433 τῆς
626 353 743 436 μοίρας
767 348 909 435 ἕτεροιοῖ
929 349 969 412 τά
992 347 1062 430 είδη
1088 346 1135 424 ὡς
1158 347 1216 412 καὶ

196 453 355 521 ἐντεῦθεν
380 458 483 542 δῆλον
506 461 662 540 γίνεσθαι
691 457 741 522 ὅτι
769 456 789 539 ἡ
818 464 917 541 μοῖρα
940 456 1002 539 τὴν
1026 455 1219 538 οἰκειότητα

195 563 256 645 τὴν
279 563 361 647 πρὸς
383 564 445 647 τὴν
468 563 598 647 μονάδα
621 561 781 628 καὶκατὰ
804 560 885 646 μέρη
910 572 1068 645 συντηρεῖ
1083 610 1090 624 .
1107 610 1137 626 ..

261 685 399 751 Ioannes
414 686 734 772 Hierosolymitanus
748 685 936 772 patriarcha
949 683 1067 749 invita
1076 683 1214 750 Ioannis

168 790 434 878 coamascenssy
461 792 516 858 XI.

261 895 328 962 Καὶ
353 899 396 975 ὡς
419 898 512 976 ἀετὸς
536 896 573 964 δὲ
595 899 727 982 βλέπων
751 898 824 980 ὀξύ,
852 897 957 974 οὕτως
979 892 1066 981 ἦσαν
1090 895 1215 963 ἐκεῖνοι

196 1001 369 1088 [Ἰωάννης
386 1003 442 1070 καὶ
461 1008 609 1090 Κοσμᾶς]
633 1005 716 1090 πρὸς
737 1008 816 1081 τοὺς
838 1014 905 1068 τῶν
928 1004 1065 1088 φύσεων
1089 1008 1214 1088 λόγους

194 1110 442 1197 ἀσκαρδαμυκτὶ
473 1111 682 1191 ἀτενίζοντες.
729 1110 907 1193 ἀναλογίας
930 1105 967 1174 δὲ
990 1109 1214 1194 ἀριθμητικὰς

195 1218 300 1296 οὕτως
332 1217 551 1302 ἐξησκήκασιυ
582 1218 715 1302 εὐφυῶς
750 1218 794 1294 ὡς
826 1219 1030 1302 Πυθαγόραι
1061 1216 1081 1300 ἢ
1114 1221 1214 1283 Λιό-

155 1351 181 1390 1o
196 1315 384 1410 coctast).
417 1327 615 1410 γεωμετρίας
638 1321 676 1389 δὲ
693 1325 754 1408 τὴν
773 1323 943 1402 ἀπόδειξιν
962 1323 1068 1400 οὕτως
1087 1323 1214 1404 ἐξεπαι-

195 1431 384 1516 δεύθησαν,
411 1432 455 1508 ὡς
476 1431 661 1508 Εὐκλείδας
683 1431 776 1507 τινάς
803 1431 943 1506 τούτους
967 1432 1079 1496 δοκεῖν
1102 1429 1159 1496 καὶ
1182 1439 1218 1498 εί

194 1560 282 1613 τινες
305 1539 400 1602 ἀλλοι
423 1541 610 1625 παρόμοιοι.
647 1535 722 1621 περὶ
747 1533 784 1602 δὲ
807 1539 868 1621 τὴν
892 1535 1077 1621 ἁρμονικὴν
1101 1548 1213 1604 τοιοῦ-

194 1666 245 1708 τοι
268 1646 447 1726 γεγόνασιν
467 1644 576 1710 ὁποῖοι
599 1646 663 1730 ἀρα
687 1642 719 1722 ἐξ
743 1638 790 1708 ὧν
809 1643 1085 1728 ἐμουσοόργησαν
1103 1649 1213 1710 θείων

194 1749 403 1833 μελισμάτων
439 1761 509 1828 τοῖς
546 1762 697 1828 συνετοῖς
733 1753 1005 1835 καταφαίνονται.
1058 1750 1135 1836 περὶ
1174 1749 1213 1817 δὲ

156 1882 180 1922 15
197 1854 423 1941 ἀστρονομίαν
442 1858 523 1924 ὅσον
543 1856 579 1922 ἐν
603 1858 801 1941 διαστήμασι
824 1855 878 1921 καὶ
898 1868 1135 1942 σχηματισμοῖς
1154 1855 1213 1923 καὶ

195 1962 389 2044 ἀναλογίαις
411 1975 478 2029 τῶν
502 1963 728 2048 ἀποστάσεων,
750 1963 814 2029 κάν
837 1966 937 2050 μικρά
961 1964 1110 2042 διέξελθε
1134 1963 1213 2052 περὶ

194 2067 305 2134 αὐτῶν
344 2071 390 2146 είς
426 2074 584 2154 βραχεῖαν
616 2082 683 2135 τῶν
722 2071 865 2135 ἰδιωτῶν
902 2072 1046 2155 είδησιν,
1085 2063 1155 2149 οἷος
1193 2072 1212 2138 ὁ

191 2170 349 2260 Ἰωάννης
382 2174 415 2254 ἐξ
446 2171 493 2241 ὧν
524 2175 670 2262 γέγραφε
701 2179 952 2261 καταφαίνεται,
983 2185 1136 2256 τοιοῦτος
1170 2180 1212 2263 δὴ

194 2281 326 2358 πάντως
348 2280 403 2347 καὶ
426 2282 444 2347 ὁ
468 2286 612 2368 Κοσμᾶς.

155 2435 181 2474 20
262 2403 424 2492 Suidas:³)
435 2401 582 2472 Ὑπατία·
597 2407 617 2491 ἡ
633 2406 765 2485 Θέωνος
778 2418 839 2474 τοῦ
853 2407 1041 2496 γεωμέτρου
1055 2411 1210 2496 δνγάτηρ

193 2521 253 2577 τοῦ
273 2509 514 2600 Ἀλεξανδρέως
537 2517 739 2599 φιλοσόφου,
762 2511 817 2579 καὶ
841 2514 923 2598 αὐτὴ
948 2519 1136 2601 φιλόσοφος
1154 2516 1209 2583 καὶ

193 2624 329 2696 πολλοῖς
350 2622 531 2706 γνώριμος·
557 2622 656 2705 [γυνὴ
677 2616 849 2705 Ἰσιδώρου
873 2631 934 2687 τοῦ
958 2625 1165 2707 φιλοσόφου]
1174 2622 1209 2712 ⁴).

193 2727 339 2810 ἤκμασεν
367 2724 421 2791 ἐπὶ
452 2737 509 2811 τῆς
538 2730 708 2811 βασιλείας
731 2725 922 2813 Ἀρκαδίου·
956 2732 1101 2814 ἔγραψεν
1129 2731 1210 2798 ὑπό-

194 2856 306 2917 μνημα
323 2833 369 2910 είς
383 2836 588 2917 Διόφαντον,
604 2831 725 2922 <είς>5)
739 2836 799 2900 τὸν
814 2834 1056 2921 ἀστρονομικὸν
1070 2841 1208 2923 κανόνα,

154 2966 178 3006 ει
194 2941 240 3016 είς
263 2941 302 3004 τά
324 2941 449 3004 κωνικά
469 2937 693 3006 Ἀπολλωνίου
716 2941 904 3026 ὑπόμνημα.

265 3133 293 3201 1)
311 3130 474 3186 Lectioncm
493 3131 598 3187 codicis
616 3131 738 3187 Parisini
758 3137 827 3188 1559
847 3133 973 3190 exhibeo.

265 3207 292 3272 2)
312 3202 481 3272 Oportebat:
500 3201 668 3273 Διόφαντοι.
1268 3269 1269 3276 ¹

254 3275 292 3354 ·3)
310 3272 472 3356 Editionom
491 3274 613 3329 Bckkcri
631 3278 660 3330 εῖ
676 3275 835 3331 Ρετὶείαοω
853 3275 979 3331 codicem
994 3283 1077 3347 2622,
1097 3294 1118 3333 ε.
1134 3277 1208 3348 ΧΙΠ,

194 3344 485 3485 ἅθξοὶάίῗλεωῖίοοοω
503 3433 537 3471 cx
556 3433 648 3472 orrorc
668 3420 759 3473 ortam
778 3417 887 3472 seclusi.

196 3490 292 3628 agimbr)
312 3485 352 3551 είς
370 3487 481 3558 addidi3
511 3489 545 3542 do
570 3489 760 3544 astronomica
781 3489 937 3545 Ptolemaei
966 3491 1086 3560 quadam
1109 3493 1209 3548 tabula
1266 3517 1267 3524 ε
