2578 3984
196 212 238 276 74
335 211 384 265 DE
403 209 615 266 DIOPHANTO
633 210 859 266 TESTIMONIA
878 209 1064 268 VETERUM.

193 372 309 440 καὶτὸ
337 377 500 461 χρήσιμον
521 375 894 460 προανακρουσάμενος,
927 378 1015 458 ζητεῖ
1041 375 1082 439 τά
1112 372 1207 440 πέντε
1284 419 1285 434 .

193 490 296 546 ταῦτα
318 479 393 566 περὶ
417 481 581 566 ἀριθμῶν.

261 585 328 652 Καὶ
360 599 493 673 πρῶτον
525 589 587 672 τὴν
618 589 782 673 διαίρεσιν
810 588 920 653 αὐτῶν
949 586 1130 672 ἀνιχνεύει·
1161 589 1209 654 ὅτι

194 702 257 770 πᾶς
285 693 430 779 ἀριθμὸς
456 694 477 780 ἣ
505 695 655 779 περιττὸς
686 693 707 779 ἢ
741 696 865 778 άρτιος·
898 689 968 760 εἶτα
1000 695 1059 759 τὸν
1092 696 1208 779 άρτιον

167 801 373 886 τὲπιδιαιρεί
394 804 440 878 είς
463 801 610 886 ἀρτιάκις
633 804 764 885 ἀρτων,
798 803 844 878 είς
868 799 1133 885 ἀρτιοπέριττον,
1157 799 1209 867 καί

193 911 241 985 είς
266 909 515 1009 περισσάρτιον·
549 903 619 974 εἶτα
651 909 780 974 τούτων
808 907 947 974 ἑκαστον
978 907 1120 991 ὁριζεται
1155 907 1208 974 καὶ

192 1013 267 1100 περὶ
290 1027 357 1080 τῶν
381 1014 505 1102 ἑκάστῳ
527 1017 657 1081 τούτων
677 1015 1030 1095 παρακολουθούντων
1049 1016 1208 1080 διδάσκει.

260 1118 329 1188 εἶτα
361 1121 540 1207 ἑπιδιαιρεϊ
569 1123 669 1187 πάλιν
701 1124 761 1188 τὸν
792 1122 909 1206 άρτιον
939 1122 986 1197 είς
1018 1120 1148 1186 τέλειόν
1177 1145 1210 1186 τε

192 1226 247 1294 καί
279 1229 439 1314 ὑπερτελῆ
471 1227 527 1294 καὶ
558 1229 672 1312 ἐλλιπῆ
701 1227 863 1312 ἀριθμόν,
895 1228 955 1293 τὸν
983 1226 1125 1311 ὁρισμὸν
1154 1226 1209 1293 καὶ

154 1355 179 1394 1ο
193 1337 254 1419 τὴν
277 1333 409 1419 γένεσιν
427 1338 556 1402 τούτων
574 1336 794 1419 παραδιδούς·
817 1332 872 1400 καὶ
891 1336 950 1400 τὸν
969 1335 1126 1417 περιττὸν
1144 1337 1209 1417 πρὸ

193 1441 304 1507 αὐτῶν
336 1444 384 1520 είς
416 1445 582 1509 σύνθετόν
612 1466 647 1508 τε
684 1441 739 1508 καὶ
776 1443 966 1509 ἀσύνθετον
1000 1443 1127 1524 διαιρεῖ
1155 1441 1211 1506 καὶ

192 1549 331 1625 τούτους
354 1548 503 1631 ὁρίζεται.

260 1649 329 1719 εἶτα
351 1656 432 1739 μετὰ
454 1657 583 1722 τούτων
602 1660 691 1739 ζητεῖ
711 1653 851 1721 ἑκάστου
874 1655 1023 1740 ἀριθμοῦ
1042 1658 1079 1722 τὸ
1099 1664 1211 1742 σχῆμα

192 1762 251 1824 καί
270 1778 354 1845 φησι
376 1761 439 1844 τὴν
461 1758 523 1845 μὲν
546 1762 677 1846 μονάδα
700 1765 824 1851 σημείῳ
852 1753 1031 1846 ἀναλογεῖν
1053 1760 1109 1826 καί
1135 1755 1208 1828 οἷον

152 1885 179 1925 15
192 1864 329 1954 κέντρῳ,
352 1869 413 1951 τὴν
437 1865 474 1932 δὲ
498 1868 605 1933 δυάδα
628 1876 779 1953 γραμμῇ,
802 1868 864 1951 τὴν
888 1864 925 1932 δὲ
947 1868 1067 1953 τριάδα
1092 1866 1210 1952 ἐπιφα-

192 1975 277 2058 νείᾳ,
299 1975 361 2057 τὴν
385 1971 422 2038 δὲ
445 1975 585 2060 τετράδα
609 1983 741 2064 στερεῷ.

258 2078 415 2164 τέταρτον
454 2083 533 2158 τοὺς
569 2083 691 2166 λόγους
726 2079 782 2147 καί
826 2081 884 2158 τάς
925 2083 1007 2166 πρὸς
1045 2080 1212 2166 ἀλλήλους

192 2185 319 2270 σχέσεις
345 2198 413 2253 τῶν
441 2187 595 2272 ἀριθμῶν
624 2192 724 2272 ζητεῖ·
753 2185 817 2254 είσὶ
845 2185 883 2253 δὲ
911 2188 946 2253 οί
972 2190 1066 2270 λόγοι
1090 2187 1212 2254 ἕνδεκα

193 2294 277 2359 οἵδε·
306 2301 388 2377 ίσος,
412 2295 591 2381 ἐπιμόριος,
617 2295 781 2381 ἐπιμερής,
805 2295 1062 2379 πολλαπλάσιος,
1086 2301 1212 2361 πολλα-

152 2419 178 2458 20
191 2404 482 2487 πλασιεπιμόριος,
525 2403 907 2487 πολλαπλασιεπιμερής,
948 2401 1209 2486 ὑποεπιμόριος,

191 2508 427 2593 ὑποεπιμερής,
462 2509 790 2592 ὑποπολλαπλάσιος,
819 2509 1210 2594 ὑποπολλαπλασιεπιμό-

192 2637 273 2698 ριος,
297 2615 735 2701 ὑποπολλαπλασιεπιμερής.

257 2724 338 2806 μετά
367 2719 404 2787 δὲ
434 2731 536 2786 ταῦτα
565 2722 622 2797 τάς
645 2720 826 2803 ἀναλογίας
848 2719 936 2804 λέγει
959 2731 1027 2786 τῶν
1051 2722 1211 2809 ἀριθμῶν

192 2826 228 2892 ἑν
245 2837 291 2916 τῳ
316 2832 356 2912 βῳ
375 2831 506 2914 βιβλίῳ·
537 2825 612 2913 περὶ
635 2829 699 2912 γάρ
722 2838 789 2892 τῶν
813 2824 988 2911 ῥηθέντων
1011 2829 1147 2895 πάντων
1170 2829 1210 2894 ἐν

150 2952 176 2992 2⁵
190 2943 235 3022 τῳ
259 2947 298 3000 αι’
323 2935 481 2998 διδάσκει.

256 3038 331 3125 περὶ
354 3041 483 3106 τούτων
506 3038 567 3124 μὲν
591 3035 653 3106 οὖν
677 3041 800 3117 σκοπὸς
820 3047 867 3129 τῷ
891 3041 1074 3130 Νικομάχῳ
1098 3041 1143 3119 ὡς
1167 3041 1205 3108 ἐν

190 3150 354 3233 εἰσαγωγῇ
377 3148 596 3232 παραδοῦναι.

256 3255 458 3339 Χρησιμεύει
482 3251 519 3319 δὲ
542 3252 622 3337 ἡμῖν
640 3259 688 3331 είς
710 3277 745 3319 τε
762 3254 825 3337 τὴν
843 3255 1089 3340 Πυθαγορικὴν
1108 3261 1208 3339 φιλο-

190 3363 325 3445 σοφίαν,
349 3361 400 3427 ότι
423 3360 441 3426 ὁ
465 3362 673 3444 Πυθαγόρας
700 3359 736 3426 ἐκ
764 3371 832 3426 τῶν
855 3360 1010 3446 ἀριθμῶν
1034 3360 1142 3427 ἐκάλει
1166 3364 1208 3428 τά

149 3466 375 3551 οοπράγματα·
403 3463 459 3532 καὶ
488 3474 574 3549 γοῦν
599 3468 660 3532 τὸν
688 3452 707 3546 ξ
737 3467 884 3552 ἀριθμὸν
924 3471 1047 3553 χρόνον
1085 3469 1207 3548 ἐκάλει,

190 3571 353 3640 διότικαὶ
378 3572 414 3637 ἐν
438 3571 599 3657 ἑβδομάσι
626 3572 681 3638 καί
710 3572 790 3659 μησὶ
813 3572 868 3640 καί
891 3573 1028 3661 ἡμέραις
1049 3573 1104 3640 καὶ
1127 3580 1207 3661 χρό-
