2578 3984
342 199 593 255 PAOHYMERAE
612 200 871 257 PARAPHRASIS.
1034 165 1036 176 ¹
1070 201 1112 265 91

92 367 129 428 λ·
148 363 311 448 λαμβάνω
325 363 385 428 τὸν
404 363 793 448 ὑποτριπλασιεπίτριτον
809 366 868 430 τὸν
882 350 910 430 β
922 363 976 430 καὶ
996 369 1114 451 τίθημι

90 478 217 536 τοῦτον
242 470 385 554 ἐλάσσω,
412 469 468 535 καὶ
496 471 554 535 τὸν
577 473 696 536 λοιπὸν
718 473 778 536 τὸν
800 474 842 536 ιῖα
865 475 974 558 μείζω,
997 470 1051 538 καὶ
1074 477 1112 539 τὸ

92 573 278 661 ἐπιταχθὲν
301 579 435 659 γίνεται.

159 680 239 748 Ἐάν
260 678 296 747 δὲ
318 683 354 748 ἐν
374 683 707 770 ὃιιιλασιωιιτετάριιμ
727 684 871 767 διαιρεῖν
888 687 948 752 τὸν
967 685 1112 752 δοθέντα

92 788 246 874 ἀριθμὸν
264 789 523 874 ἐαιταιτώμεθα,
545 798 606 855 τοῦ
630 789 712 854 ὅλου
735 791 857 856 τούτου
880 789 1034 876 λάβωμεν
1052 795 1111 858 τὸν
1139 814 1152 854 5

92 894 541 982 ὑποτριιιλασιεπισέταριον,
562 893 618 960 καὶ
636 905 756 962 τοῦτον
776 895 903 962 ἐλάσσω
921 901 1113 983 ποιήσωμεν

93 999 150 1067 καὶ
175 1003 235 1068 τὸν
254 1003 373 1068 λοιπὸν
396 1005 504 1086 μείζω,
527 999 583 1067 καὶ
605 1003 643 1066 τὸ
667 999 846 1086 ἐπιταχθὲν
864 1005 1001 1085 γίνεται.
1038 998 1112 1071 οἷον

94 1112 180 1175 ἔστω
204 1109 223 1174 ὁ
246 1112 287 1177 εἷς
315 1109 356 1174 ὃν
380 1108 619 1193 ἐσιταττόμεθα
644 1111 788 1192 διαιρεῖν
812 1108 848 1174 ἐν
872 1111 1112 1176 ὃιπλασιεπιτε-

92 1217 204 1304 τάρτω
233 1218 336 1305 λάμφ’
366 1216 487 1281 τούτου
516 1215 674 1300 λαμβάνω
701 1215 761 1280 τὸν
785 1215 1112 1301 ὑσοιριιιλασιειιιιέ-

93 1346 218 1408 ταρτον
246 1331 267 1406 ἦ
290 1320 344 1387 καὶ
367 1325 485 1406 τίθημι
508 1321 651 1404 ἐλάσσω,
679 1319 734 1386 καὶ
761 1324 821 1388 τὸν
849 1325 967 1388 λοιπὸν
994 1326 1053 1390 τὸν
1076 1330 1152 1409 ῑῆεο

93 1433 230 1512 μείζονα
251 1440 348 1512 ποιῶ,
372 1426 426 1494 καί
450 1432 575 1512 γίνεται
598 1430 636 1494 τὸ
661 1427 846 1513 ἐπιταχθέν.
889 1427 943 1494 καὶ
968 1429 1111 1496 ἐπὶτῶν

94 1542 223 1602 λοιπῶν
246 1537 378 1620 ὁμοίως,
403 1534 662 1619 άλλασσομένων
685 1545 752 1600 τῶν
775 1540 911 1620 μορίων.

162 1649 213 1709 λα.
250 1647 295 1709 Ec
317 1640 354 1709 δέ
377 1644 414 1710 ἐν
433 1643 744 1728 ιριπλασιεφημίσει
767 1645 854 1730 λόγῳ
880 1645 1023 1729 διαιρεῖν
1043 1645 1111 1710 ἐπι-

93 1753 292 1836 ταττόμεθα,
316 1751 498 1835 λαμβάνειν
522 1752 576 1815 δεῖ
595 1758 657 1814 τοῦ
681 1749 762 1815 ὅλου
785 1753 844 1817 τὸν
867 1751 1111 1834 ὑποτετραιιλα-

94 1861 298 1942 σιεφήμιουν
339 1855 394 1923 καί
436 1857 563 1923 ἐλάσσω
604 1855 754 1941 τιθέναι,
795 1854 850 1922 καὶ
890 1860 949 1923 τὸν
991 1861 1110 1925 λοιπὸν
1125 1879 1150 1918 15

94 1967 244 2049 μείζονα,
272 1961 328 2028 καὶ
356 1967 482 2047 γίνεται
508 1964 546 2028 τὸ
576 1960 762 2045 ἐπιταχθέν.
802 1955 875 2027 οἷον
903 1966 986 2030 ἔστω
1015 1966 1033 2032 ὁ
1061 1969 1122 2050 ιβ’

93 2072 217 2137 τούτου
235 2071 392 2155 λαμβάνω
411 2071 471 2136 τὸν
489 2069 923 2153 ὑποτετραπλασιεφήμισον
941 2073 1000 2138 τὸν
1014 2058 1039 2137 β
1055 2072 1111 2138 καὶ

92 2181 212 2261 τίθημι
240 2176 384 2260 ἐλάσσω,
416 2179 476 2241 τὸν
499 2175 536 2241 δὲ
559 2161 596 2242 ιβ
617 2180 731 2261 μείζω,
760 2174 815 2241 καὶ
843 2180 974 2260 γίνεταί
993 2203 1049 2262 μοι
1072 2182 1110 2245 τὸ

93 2287 279 2370 πρόβλημα.

160 2392 206 2454 Εί
229 2390 266 2455 δὲ
288 2392 371 2454 κατά
396 2390 455 2454 τὸν
478 2394 800 2472 τριπλαοιεπίτριιον
824 2392 926 2474 λόγον
950 2394 1109 2476 ζητοῦμεν
1124 2413 1150 2453 εο

96 2499 250 2580 διαιρεῖν,
273 2497 488 2581 λαμβάνομεν
508 2498 569 2561 τὸν
592 2497 1026 2581 ὑποιετραπλασιειιίτριιον
1049 2507 1111 2563 τοῦ

94 2605 177 2669 ὅλου
199 2600 255 2668 καὶ
277 2605 415 2687 τίθεμεν
439 2602 582 2686 ἐλάσσω,
610 2603 748 2669 καὶτὸν
771 2604 890 2668 λοιπὸν
914 2606 1027 2687 μείζω,
1054 2603 1110 2669 καὶ

93 2719 257 2794 ποιοῦμεν
279 2711 316 2775 τὸ
345 2711 529 2793 πρόβλημα.
567 2700 640 2775 οἷον
664 2712 747 2776 ἔστω
772 2709 790 2775 ὁ
813 2696 874 2775 λβ·
902 2712 1023 2776 τούτου
1051 2713 1110 2777 τὸν

95 2817 529 2900 ὑποιετραπλασιεπίιριτον
548 2818 707 2900 λαμβάνω
727 2819 785 2884 τὸν
797 2803 826 2883 β
839 2814 894 2882 καὶ
912 2823 998 2883 τιθῶ
1019 2817 1109 2882 ἐλάι-

93 2947 176 2989 ιονα
200 2924 281 3005 ὅρον
304 2922 440 2989 καὶτὸν
463 2908 486 2988 λ
506 2926 656 3007 μείζονα,
678 2921 734 2988 καὶ
758 2926 848 2989 ἐστιν
868 2923 885 2990 ὁ
909 2909 1029 3009 λπρὸς
1047 2925 1107 2990 τὸν
1122 2943 1147 2983 ω

93 3018 122 3095 β
143 3029 180 3096 ἐν
204 3033 291 3118 λόγῳ
315 3033 632 3117 τριπλασιεπιτρίτῳ.

161 3139 206 3202 Ec
227 3133 265 3202 δέ
288 3137 432 3217 διαιρεῖν
453 3134 706 3220 ἐπιταιιοίμεθα
729 3134 783 3201 καὶ
808 3136 844 3202 ἐν
863 3139 951 3225 λόγῳ
974 3142 1108 3222 τριπλα·

94 3244 341 3332 σιειιισειάριςο,
369 3243 583 3328 λαμβάνομεν
605 3243 728 3308 τούτου
751 3244 810 3308 τὸν
833 3243 1108 3327 ὑποτειραπλασι-

95 3348 307 3435 επιιέιαρτον
325 3348 381 3415 καὶ
399 3354 537 3435 τίθεμεν
556 3350 695 3433 ἐλάσσω,
714 3348 770 3416 καὶ
788 3350 848 3416 τὸν
867 3353 985 3418 λοιπὸν
999 3355 1109 3436 μείζω,

93 3454 148 3522 καὶ
180 3460 307 3540 γίνεται
337 3458 375 3522 τὸ
407 3459 590 3542 πρόβλημα.
633 3449 706 3523 οἷον
733 3459 816 3522 ἔστω
845 3458 862 3523 ὁ
893 3457 1038 3543 ἀριθμὸς
1069 3457 1110 3523 ὃν
1124 3479 1150 3518 ιο

51 3573 57 3584 ’
96 3562 335 3649 ἐπιεαιτόμεθα
359 3564 501 3651 διαιρεῖν
525 3564 562 3629 ἐν
584 3572 629 3652 τῷ
654 3565 794 3653 τοιούτω
819 3564 944 3655 λόμμὸ
985 3568 1011 3643 ζ·
1034 3565 1109 3629 τού-
