2578 3984
193 193 236 258 80
434 191 683 248 PAGHYMERAE
701 190 962 249 PARAPHRASIS.

262 353 392 440 Ἕτεροι
426 353 462 421 δὲ
494 357 554 421 τὸν
586 351 647 439 μὲν
678 355 887 439 τετράγωνον
918 356 1062 439 δύναμίν
1090 371 1206 439 φασιν,

193 462 249 527 ἵνα
273 465 342 546 ἔχοι
365 459 419 528 καλ
443 457 541 538 οὗτος
563 463 653 526 ἴδιον
671 462 787 545 ὄνομα,
810 462 869 525 τὸν
889 457 926 525 δὲ
945 459 997 526 ἐπὶ
1016 461 1076 526 τὸν
1093 461 1207 542 τετρύ-
1287 503 1288 534 ι

193 592 305 651 γωνον
318 569 634 653 πολλαπλασιασμὸν
654 568 694 633 οὐ
714 569 859 652 δύναμιν
877 568 922 644 ώς
941 566 1109 651 ἐλέγομεν,
1125 566 1208 632 ἀλλὰ

194 678 470 761 ἃνναμούύναμιν
498 673 669 757 λέγουσιν,
697 674 781 738 ώστε
804 673 822 739 6
846 670 908 759 μὲν
937 674 1093 758 δύναμις,
1123 673 1141 739 6
1171 671 1208 738 δὲ

166 783 482 866 εύνναμοὸύναμις,
506 780 524 845 6
548 776 585 846 δὲ
607 781 726 864 κύβος,
749 779 768 845 6
792 775 829 844 δὲ
853 781 1103 863 δυναμόκυβος,
1128 779 1146 845 6
1171 778 1209 844 δὲ
1286 765 1287 770 ¹

192 892 386 973 κυβόκνβος.

254 993 289 1060 Ὁ
319 992 356 1061 δὲ
386 992 491 1079 μηδὲν
520 995 650 1059 τούτων
680 1004 747 1059 τών
776 992 965 1076 ἰδιωμάτων
992 993 1209 1078 κτησάμενος,

193 1106 278 1187 ἔχων
303 1099 339 1168 66
368 1101 404 1168 ἐν
427 1100 533 1190 ἑαυτῷ
562 1105 692 1185 πλῆθος
719 1101 887 1185 μονάδων,
916 1101 1036 1182 ἄλογος
1064 1099 1209 1184 ἀριθμὸς

192 1214 348 1274 καλεῖται.

154 1343 179 1382 ιο
261 1313 386 1398 Ὥσπερ
418 1312 455 1380 66
487 1315 671 1400 ὁμωνύμως
702 1312 758 1378 καὶ
790 1314 998 1398 παρωνύμως
1030 1311 1066 1378 ἐκ
1097 1323 1158 1378 τοῦ
1187 1315 1210 1396 γ

192 1424 306 1507 τρίτον
329 1423 457 1505 λέγεται
484 1421 538 1488 καλ
567 1421 602 1488 ἐκ
630 1430 689 1487 τοῦ
714 1405 735 1486 6
756 1419 929 1505 τέταρτον,
957 1420 1043 1486 οὕτω
1071 1417 1128 1485 καὶ
1154 1418 1208 1486 ἐπὶ

192 1529 322 1593 τούτων
336 1529 374 1593 αλ
389 1529 586 1613 παρώνυμοι
603 1528 780 1612 ὀνομασίαι
798 1529 925 1612 ἔχουσι,
942 1537 1002 1594 τοῦ
1020 1526 1083 1610 μὲν
1097 1527 1211 1606 ἁπλῶς

193 1635 341 1720 ἀριθμοῦ
364 1635 402 1701 τὸ
426 1634 644 1720 ἀριθμοστύν,
668 1643 726 1719 τῆς
749 1632 786 1699 66
810 1635 983 1718 δυνάμεως
1004 1637 1042 1700 τὸ
1063 1637 1211 1720 δυναμο-

194 1744 284 1825 στύν,
308 1751 369 1807 τοῦ
393 1739 429 1807 δὲ
451 1744 558 1827 κύβου
580 1743 618 1807 τὸ
639 1744 816 1826 κυβοστύν,
839 1751 897 1825 τῆς
916 1738 953 1807 δὲ
974 1742 1210 1824 δυναμούυνώ-

154 1873 177 1913 15
192 1873 276 1934 μεως
307 1850 345 1914 τὸ
379 1851 736 1934 δυναμοδυναμοστύν,
773 1858 838 1913 τοῦ
875 1845 912 1912 δὲ
944 1849 1136 1932 κυβοκύβον
1169 1851 1209 1915 τὸ

192 1959 450 2039 κυβοκυβοστύν.

259 2060 358 2128 Ὥστε
381 2061 524 2147 ἀριθμὸς
547 2060 599 2127 ἐπὶ
623 2057 684 2144 μὲν
708 2061 854 2147 ἀριθμὸν
877 2059 1210 2139 πολλαπλασιασθεὶς

193 2181 282 2234 ποιεῖ
303 2170 458 2252 δύναμιν,
482 2168 544 2235 κών
568 2169 668 2244 αὐτὸς
695 2166 747 2253 ἐφ’
767 2167 897 2253 ἑαυτόν,
920 2167 983 2233 κᾶν
1006 2165 1059 2251 ἐφ’
1078 2168 1210 2255 ἕτερον·

194 2273 265 2360 τρλς
288 2277 351 2361 γὰρ
369 2286 401 2360 γ,
415 2262 452 2360 6,
475 2273 531 2341 καὶ
554 2273 625 2360 τρὶς
645 2260 676 2360 6,
692 2261 741 2360 ιβ
765 2276 907 2361 ἀριθμὸς
930 2276 993 2363 γὰρ
1017 2274 1129 2353 ἅπλῶς
1153 2277 1212 2358 ὁγ

155 2380 249 2446 νοκαλ
277 2379 325 2447 ἐπ’
350 2380 498 2468 ἀριθμὸν
525 2381 842 2460 πολλαπλασιώζεται
870 2380 891 2465 ἣ
918 2382 978 2446 τὸν
1000 2393 1022 2465 γ
1049 2381 1070 2466 ἣ
1096 2384 1157 2448 τὸν
1178 2367 1211 2448 6.

195 2490 296 2554 πολλιν
329 2489 472 2575 ἀριθμὸς
504 2488 557 2555 ἐπὶ
590 2490 735 2573 δύναμιν
766 2486 1093 2566 πολλαπλασιασθεὶς
1122 2501 1213 2556 ποιελ

193 2597 311 2680 κύβον·
340 2597 358 2662 6
388 2582 409 2662 6
437 2598 501 2683 γὰρ
529 2595 581 2661 ἐπὶ
609 2597 669 2661 τὸν
696 2600 730 2665 ῖς
757 2597 817 2661 τὸν
847 2594 1058 2680 τετράγωνον
1085 2601 1211 2661 πολλα-

193 2701 412 2781 πλασιασθεὶς
438 2703 483 2780 ώς
510 2703 636 2784 πλευρὰ
662 2712 723 2767 τοῦ
755 2703 965 2787 τετραγώνου
999 2705 1049 2787 ι’ς,
1080 2706 1140 2770 τὸν
1171 2690 1211 2782 {6

194 2821 284 2875 ποιεῖ
308 2811 423 2894 κύβον.
458 2810 559 2876 πάλιν
587 2809 729 2894 ἀριθμὸς
755 2807 809 2875 ἐπὶ
834 2810 941 2892 κύβον
964 2814 1210 2876 πολλαπλασια-

157 2938 183 2978 ω
197 2914 291 2993 σθελς
319 2917 594 3001 ὃνναμοδύναμιν
618 2916 843 3000 ἀπεργάζεται·
873 2914 1029 3000 ἐλέγομεν
1057 2918 1121 3001 γὰρ
1151 2919 1213 2983 τὸν

195 3031 256 3088 τοῦ
278 3024 487 3107 τετραγώνου
507 3020 559 3108 ἐφ’
578 3021 697 3088 ἑαυτὸν
720 3025 1038 3108 πολλαπλασιασμὸν
1062 3025 1211 3108 δυναμο·

197 3129 352 3212 δύναμιν,
380 3130 425 3207 ὡς
451 3131 510 3195 τὸν
534 3133 567 3200 ’ῖς
594 3130 657 3195 ἀπὸ
681 3139 742 3195 τοῦ
765 3135 1083 3215 πολλαπλασιασμοῦ
1104 3139 1167 3196 τοῦ
1192 3117 1213 3196 6

197 3234 250 3320 ἐφ’
267 3234 387 3300 ἑαυτὸν
404 3238 626 3322 τετραγώνου·
649 3245 770 3302 τοῦτον
787 3238 847 3302 τὸν
865 3241 900 3305 ἴς
917 3235 972 3302 καλ
992 3236 1138 3322 ἀριθμὸς
1158 3234 1213 3304 ἐπὶ

199 3576 215 3624 8
238 3578 251 3626 1
271 3506 334 3625 λῗὲ.
355 3499 395 3557 ef.
408 3501 429 3570 Ι,
443 3506 467 3571 6,
480 3505 558 3555 2-4.
638 3507 719 3570 10sq.
739 3501 810 3570 cf.1,
822 3507 845 3571 6,
857 3506 953 3556 9-19.
1034 3507 1115 3570 Περ.
1138 3500 1180 3556 cf.
1192 3502 1213 3572 I,

218 3615 224 3641 ,
256 3604 286 3612 -
327 3615 332 3627 .
