2570 3988
162 251 239 305 XXII
527 252 804 306 PROLEGOMENA.

645 502 684 567 V.

389 649 442 722 De
469 649 714 742 Diophanteis
743 648 940 722 codicibus,

228 822 333 899 Quum
365 824 400 887 in
431 824 634 906 praefatione
668 823 786 908 prioris
821 824 997 889 voluminis
1030 846 1170 909 quorun-

162 929 237 994 dam
270 931 412 995 codicum
444 930 598 995 notitiam
630 931 695 994 iam
728 929 884 1014 dederim,
920 953 957 995 ea
989 953 1071 1015 quae
1103 931 1170 995 dixi

160 1059 226 1101 non
254 1041 413 1122 repetam,
442 1037 498 1101 sed
527 1039 664 1101 stemma
689 1037 857 1101 filiationis
885 1038 1070 1102 universum
1097 1058 1171 1120 pro-

161 1166 282 1227 ponam
301 1143 389 1229 (pag.
403 1142 529 1226 XXIII)
550 1144 823 1228 comprobareque
842 1144 995 1229 conabor3
1015 1143 1169 1209 asterisco

161 1251 286 1316 codices
309 1252 422 1315 notavi
445 1273 526 1334 quos
550 1272 615 1314 non
643 1250 713 1334 ipse
737 1250 877 1334 excussi,
907 1250 1009 1315 literis
1032 1250 1170 1334 peculia-

159 1358 249 1422 ribus
279 1358 353 1423 illos
381 1361 511 1421 tantum
538 1356 707 1441 designavi
731 1378 867 1440 quorum
891 1357 1081 1422 varietatem
1106 1356 1169 1422 lec·

158 1464 288 1529 tionum
312 1464 428 1548 collegi
451 1467 484 1528 et
506 1485 604 1548 penes
630 1485 679 1528 me
701 1463 816 1527 habeo.

227 1571 348 1634 Prioris
372 1571 485 1636 classis
508 1575 575 1635 tres
600 1570 802 1635 characteres
825 1570 966 1635 indicare
990 1571 1070 1635 satis
1095 1572 1169 1637 erit:
1215 1611 1219 1618 -

159 1700 255 1743 voces
280 1677 470 1762 ὀργανῶσαι
496 1678 559 1761 τὴν
585 1675 734 1761 μέθοδον
758 1674 806 1763 (Ι,
825 1678 859 1758 2,
878 1677 917 1764 5)
945 1678 1078 1762 absunt,
1105 1679 1169 1742 nisi

160 1785 289 1850 aliunde
312 1784 346 1848 in
370 1785 549 1868 marginem
572 1788 734 1869 receptae,
757 1787 834 1868 post
857 1786 1059 1868 συμβήσεται
1083 1782 1122 1871 (Ι,
1140 1786 1169 1869 8,

157 1889 219 1978 24)
250 1893 445 1956 omittuntur
476 1912 513 1954 ea
541 1912 623 1974 quac
652 1891 806 1956 adnotavi
835 1912 873 1954 ex
900 1889 944 1975 B,
978 1913 997 1954 a
1024 1891 1168 1957 Maximo

155 1998 314 2082 Planude,
342 2002 378 2062 ut
401 1999 542 2082 videtur,
573 1998 696 2082 addita,
727 1997 865 2082 denique
893 1998 1071 2082 peculiaria
1097 2002 1167 2062 tan·

156 2110 226 2170 tum
247 2106 306 2169 illa
329 2105 534 2189 reperiuntur
559 2103 685 2169 scholia
710 2127 788 2188 quae
812 2104 896 2168 infra
916 2104 960 2188 (p.
975 2104 1166 2190 256-258)

155 2215 231 2296 post
254 2211 420 2277 Planudea
443 2211 525 2275 dedi.

225 2320 254 2384 1.
297 2319 346 2383 De
382 2319 566 2383 Matriteusc'
598 2317 631 2381 A
669 2317 753 2382 nihil
795 2317 966 2382 antedictis
1007 2317 1167 2401 adderem,

156 2427 221 2490 nisi
249 2426 336 2490 haud
364 2427 445 2490 satis
473 2425 661 2509 scrupulose
686 2424 720 2488 in
749 2424 849 2508 praef.
872 2424 971 2507 primi
993 2424 1168 2488 voluminis

159 2531 204 2620 (p.
219 2530 284 2619 III)
309 2531 511 2615 scripsissem
535 2530 732 2595 Vaticanum
762 2531 849 2595 Vex
872 2531 903 2594 A
931 2530 1075 2595 nondum
1100 2552 1168 2595 cor-

157 2643 252 2724 rupto
272 2643 379 2705 ortum
400 2660 483 2703 esse:
507 2638 593 2702 haud
614 2639 700 2702 enim
718 2637 965 2721 intelligendum
979 2643 1028 2702 est
1042 2638 1167 2702 nullam

157 2747 374 2811 mutationem
397 2750 473 2810 ante
497 2745 744 2828 descriptionem
768 2744 858 2807 illam
882 2745 915 2808 in
939 2745 1047 2810 codice
1067 2745 1099 2810 A
1123 2745 1167 2809 al·

156 2855 258 2918 latam
277 2852 386 2936 fuisse,
410 2851 466 2915 sed
485 2857 614 2917 tantum
632 2857 711 2916 tunc
730 2851 885 2934 temporis
905 2851 1047 2915 nondum
1068 2852 1167 2935 scrip·

157 2965 265 3025 turam
289 2959 329 3023 ad
353 2959 518 3042 exemplar
542 2958 677 3023 alicuius
701 2956 859 3022 Planudei
883 2957 1002 3022 codicis
1021 2960 1167 3023 exactam

158 3088 237 3131 esse.
274 3064 308 3130 si
326 3067 433 3130 varias
453 3071 671 3131 correctorum
695 3087 809 3129 manus
833 3064 867 3128 in
891 3067 959 3129 tam
980 3064 1065 3129 male
1083 3068 1167 3128 trac-

157 3178 226 3238 tato
256 3173 360 3239 codice
391 3173 478 3237 haud
506 3175 594 3237 certo
624 3192 798 3261 agnoscere
830 3172 936 3256 potui,
968 3170 1029 3235 hoc
1057 3175 1167 3235 tamen

158 3285 300 3367 constat,
332 3280 493 3346 interdum
522 3279 553 3344 V
578 3279 770 3363 scripturam
799 3278 949 3342 exhibere
981 3276 1048 3364 (ex.
1072 3298 1118 3362 gr.
1143 3276 1169 3361 I,

160 3388 236 3471 120,
259 3387 300 3472 9)
333 3409 429 3472 quam
459 3386 493 3450 in
521 3386 552 3448 A
589 3407 627 3448 cx
659 3387 857 3450 correctione
891 3385 1027 3468 quadam
1061 3387 1194 3448 ortam-

158 3516 228 3558 esse
251 3495 368 3559 inveni.
407 3491 499 3567 Quod
523 3491 714 3556 monendum
742 3495 826 3575 erat,
852 3513 893 3556 ne
917 3491 988 3574 quis
1011 3491 1044 3554 in
1069 3513 1167 3574 appa·

157 3605 231 3666 ratu
255 3601 368 3667 critico
391 3599 584 3681 scripturam
605 3600 636 3662 A
656 3598 823 3682 desideret,
847 3598 875 3662 si
899 3597 1072 3681 aliquando
1096 3619 1167 3661 eam
