2570 3988
440 253 717 307 PROLEGOMENA.
979 250 1084 305 XXVII

63 412 364 480 Arithmeticorum
390 415 521 479 exhibet
548 411 664 502 (usque
688 416 726 479 ad
750 415 845 496 κοινὴ
869 417 1081 500 προσκείσθω

63 520 96 604 Ι,
121 521 181 606 30,
207 518 276 607 15),
307 521 422 586 ultima
452 543 533 606 quae
562 520 651 585 addit
678 522 777 585 verba
807 543 846 585 ex
874 521 998 586 scholi0
1030 543 1080 585 ve-

63 630 137 692 tere
155 627 198 693 15
217 625 273 714 (II,
292 628 366 712 259,
385 629 549 713 28-260,
567 627 602 711 2)
627 629 786 714 originem
805 630 884 696 satis
904 628 1056 694 indicant.

135 754 166 820 9.
199 751 252 818 Ad
275 754 412 817 alteram
436 753 586 834 classem,
615 752 739 817 scilicet
762 751 973 837 Planudeam,
996 775 1080 818 nunc

62 863 210 924 transeo,
247 859 297 925 De
321 859 429 925 codice
452 859 616 943 deperdito
642 881 724 924 saec.
743 857 832 943 XIV,
856 859 945 924 cuius
970 860 1079 925 decem

61 965 202 1031 confuso
223 966 334 1031 ordine
354 970 484 1030 exstant
501 966 629 1031 foliam
647 967 853 1031 Ambrosiam
867 965 911 1030 Et
924 969 988 1032 157
1005 988 1071 1049 sap.
1064 1017 1081 1052 .,

62 1072 133 1136 iam
164 1071 210 1157 (p.
228 1071 323 1158 XIV)
352 1078 440 1137 ment
442 1073 548 1137 ionem
576 1073 679 1138 inieci.
730 1072 911 1156 Diophanti
940 1075 1080 1158 quinque

64 1179 181 1244 insunt
208 1179 282 1264 frag
261 1184 370 1244 ‹rtmen
373 1203 404 1263 a,
431 1201 560 1263 nempe:
592 1180 680 1245 foliis
711 1182 846 1265 13,14,
873 1182 892 1246 8
925 1178 981 1244 καὶ
1012 1191 1080 1245 τῶν

64 1289 394 1369 πολλαπλασιασμῶν
421 1285 464 1370 (Ι,
486 1287 539 1368 14,
561 1287 592 1370 1)
712 1269 803 1351 ἔσται
831 1286 1023 1372 ἀριθμοῦ
1007 1288 1082 1364 ενὸς

65 1391 228 1476 μονάδων
251 1395 270 1470 (r
295 1391 365 1479 (26,
389 1389 434 1478 2).
463 1431 501 1439 -
530 1393 562 1457 1ο
584 1393 624 1458 18
652 1395 742 1477 παρὰ
768 1405 835 1458 τῶν
863 1399 989 1458 λοιπῶν
1018 1394 1080 1458 δύο

68 1498 136 1582 (56,
158 1497 215 1584 15)
328 1497 466 1584 ἀριθμοὶ
489 1501 553 1585 ἄρα
580 1504 617 1564 νῖε
641 1498 707 1584 (60,
730 1498 797 1586 20).
824 1537 861 1547 —-
891 1503 922 1564 1ο
946 1502 989 1567 20
1017 1500 1080 1565 άπὸ

67 1614 126 1689 τῆς
156 1605 227 1691 (66,
250 1603 286 1692 4)
400 1606 584 1690 δεδομένον
613 1605 770 1693 (7615).
799 1645 839 1654 ·-
869 1609 956 1674 foliis
981 1609 1032 1692 15,
1051 1610 1086 1686 9,

70 1713 184 1798 16,17
209 1713 334 1798 Εὑρεῖν
357 1712 428 1798 (88,
451 1713 486 1798 2)
512 1763 573 1778 ...
596 1715 633 1778 τὸ
657 1717 833 1800 πρόβλημα
857 1713 950 1801 (114,
969 1714 1014 1802 9).
1037 1755 1079 1764 -

67 1820 162 1883 1019
188 1820 225 1883 νά
243 1817 384 1903 πλευραὶ
408 1820 592 1902 συνάγουσι
616 1818 782 1908 (12412)
808 1872 867 1888 ...
891 1821 908 1886 ὁ
933 1823 1080 1888 ἀπὸτοῦ

69 1925 251 2003 ἐλάσσονος
278 1924 367 2011 (136,
386 1926 457 2011 26);
487 1929 521 1991 in
550 1928 752 2011 marginibus
780 1929 962 1995 Planudeus
990 1953 1080 2014 repe-

67 2035 152 2097 ritur
175 2034 434 2098 commentarius.
472 2032 549 2098 Alia
571 2035 726 2098 tredecim
744 2034 824 2099 folia
848 2036 958 2101 eadem
981 2061 1080 2102 manu

70 2139 191 2223 scripta
217 2140 273 2204 sed
296 2140 408 2204 itidem
436 2141 628 2223 perturbata
651 2141 784 2206 mutilas
808 2145 916 2226 partes
942 2143 1079 2209 aliorum

71 2269 204 2330 operum
225 2246 386 2330 exhibent,
409 2268 592 2330 nempe:,
565 2251 580 2310 1
612 2249 641 2331 2,
661 2249 681 2312 3
707 2250 960 2333 Θεολογούμενα
983 2249 1080 2334 ἀριδ-

70 2362 224 2437 μητικῆς;
272 2354 292 2418 6
329 2355 376 2430 εἰς
411 2355 473 2436 τὴν
510 2364 567 2419 τοῦ
603 2355 782 2432 Πλάτωνος
817 2356 1078 2444 ψυχογονίαν);

69 2460 832 2547 6,10,121)11111)11,121,4ψηφοφορία
854 2461 927 2527 κατ’
952 2459 1081 2542 Ἰνδοὺς

71 2564 275 2651 ἡλεγομένη
299 2567 434 2651 μεγάλη,
459 2568 625 2634 Planudea
649 2570 773 2634 scilicet
798 2567 878 2654 (non
901 2574 1009 2633 autern
1034 2593 1079 2634 se-

71 2673 208 2739 cundum
236 2675 403 2759 vulgatam
432 2671 681 2760 recensionem),
715 2675 793 2739 folio
821 2676 843 2740 4
874 2698 912 2739 ex
940 2675 1078 2760 abrupto

69 2780 183 2864 incipit
201 2780 421 2864 fragmentum
440 2780 519 2846 illud
540 2780 698 2864 praedicti
715 2779 841 2846 Calculi
859 2779 971 2866 Indici,
995 2783 1079 2866 quod

71 2886 284 2972 Diophanteis
307 2887 490 2952 Planudeae
514 2887 626 2952 classis
654 2887 805 2970 plurimis
834 2887 997 2953 codicibus
1028 2889 1079 2952 ad·

71 3016 186 3058 nexum
215 3015 285 3058 esse
314 2993 379 3058 iam
408 2993 554 3058 vidimus.
600 2993 808 3058 Manifestum
839 2999 888 3058 est
914 2994 949 3058 in
972 2995 1079 3059 arche-

71 3106 148 3186 typo
176 3101 290 3165 classis
323 3100 418 3165 istius
450 3100 640 3184 perturbato
672 3101 783 3165 ordine
815 3106 925 3185 partes
954 3099 1079 3166 Calculi

71 3207 171 3272 Indici
195 3210 271 3271 ante
300 3210 332 3270 ot
359 3210 435 3290 post
458 3205 682 3290 Diophantum
708 3207 885 3294 exstitisse,
913 3210 1078 3272 ultimam·

140 3456 166 3523 1)
185 3452 301 3506 Editum
321 3453 372 3506 sub
391 3451 503 3505 nomine
520 3451 668 3505 Michaelis
682 3451 769 3506 Pselli
787 3469 805 3506 a
819 3452 939 3507 Vincent
958 3455 1080 3521 (Notices

71 3548 95 3597 ct
112 3542 250 3608 Extratts,
268 3541 332 3595 XVI
349 3547 372 3609 2,
391 3558 438 3610 pp.
454 3545 614 3608 arc-337)
635 3557 707 3595 anno
728 3546 809 3607 18473
829 3543 880 3595 sub
899 3541 1010 3595 nomine
1030 3542 1079 3596 8ο-

72 3630 169 3686 terichi
187 3629 350 3700 philosophi
369 3647 386 3684 a
404 3630 436 3684 R.
450 3629 546 3684 Hoche
563 3627 729 3700 (Elborfeld)
749 3646 822 3684 anno
842 3634 918 3684 1871.
