2578 3984
239 196 288 250 DE
307 195 518 252 DIOPHANTO
538 196 764 251 TESTIMONIA
782 197 970 254 VETERUM.
1071 196 1115 261 59

143 361 271 426 δισσῶν
295 359 328 437 ἐς
351 357 389 425 δὲ
412 360 524 444 κορην
546 357 601 424 καὶ
625 361 748 445 ἄλφιτα
772 358 826 424 καὶ
848 366 1053 445 τελαμῶνας·

187 469 316 550 είκαίην
341 468 445 533 δοιῶν
468 477 561 550 σῶμα
584 466 682 551 χάριν
705 467 841 551 λαβέτω.

170 595 350 675 Σχόλιον.
386 591 511 677 Εὑρεῖν
534 589 683 675 άριθμὸν
706 591 743 669 ὃς
770 594 886 671 λείψας
914 592 1014 676 μέρος
1041 590 1117 658 ἑαυ-

96 707 159 764 τοῦ
191 696 220 763 ε’
232 696 279 782 ιβ’
292 695 339 763 ια’
351 696 398 762 ια’
409 695 456 762 ια’
467 695 513 762 ια’
527 696 573 763 ια’
585 695 632 762 ια’
644 695 737 783 <ια’>
765 697 828 778 ἐξα
850 695 979 786 [λοιπάς
1011 709 1047 783 μο
1065 704 1116 782 νγ.

95 802 154 870 καί
181 813 281 871 τοῦτο
310 801 346 871 δὲ
375 806 491 889 ὅμοιόν
521 805 590 870 ἐστι
617 816 687 882 τοῖς
714 808 779 892 πρὸ
803 803 986 871 αὐτοῦκαὶ
1009 807 1117 871 ὡσαύ-
1144 828 1157 867 5

96 934 163 988 τως
186 911 325 988 ἐκείνοις
348 911 552 995 ἐφοδεύεται.
584 909 725 998 καὶγὰρ
750 913 948 998 εὑρίσκομεν
971 911 1117 998 ἀριθμὸν

98 1018 137 1095 ὃς
160 1018 330 1104 ἐλάχιστος
353 1019 401 1083 ὢν
424 1018 489 1097 ἕξει
511 1020 551 1084 τά
569 1021 769 1103 προκείμενα
788 1017 883 1103 μέρη,
906 1015 960 1082 καὶ
985 1020 1075 1084 ἐστιν
1099 1020 1116 1084 ὁ

96 1111 149 1212 {g}
174 1125 233 1191 ἐάν
257 1120 320 1191 οὖν
344 1123 469 1212 ἀφέλῃς
492 1123 525 1203 ἐξ
550 1125 654 1191 αὐτοῦ
681 1124 763 1211 μέρη
792 1124 820 1192 ε’
834 1122 940 1210 ιβία’
952 1123 1116 1191 ιαίαἰα’

97 1230 146 1298 ια’
159 1231 276 1316 ιαία’,
309 1231 481 1299 τουτέστιν
514 1218 618 1317 μῡχξ,
656 1233 755 1298 λοιιτά
788 1232 949 1317 μένουσιν
985 1235 1028 1318 νγ
1062 1242 1117 1308 καὶ

96 1341 212 1406 λύεται
234 1341 271 1406 τὸ
294 1341 478 1425 πρόβλημα.
1131 1361 1157 1401 ιο

166 1444 247 1529 [Καὶ
278 1445 418 1530 γέγονεν
450 1446 599 1530 φανερὸν
633 1445 669 1511 ἐκ
699 1447 821 1512 τούτου
855 1448 907 1513 ὅτι
938 1448 1000 1532 την
1030 1456 1117 1533 μνᾶν

94 1556 295 1620 ὑποτίθεται
316 1557 575 1639 τεταρτημόριον
597 1561 658 1618 τοῦ
680 1554 859 1620 ταλάντου·
882 1555 940 1632 τάς
963 1556 1026 1641 γάρ
1051 1540 1117 1639 ρμδ

96 1670 184 1746 μνᾶς
207 1662 252 1738 ὡς
274 1646 316 1730 A}
337 1661 483 1725 τάλαντα
506 1659 692 1742 ἐκτίθεται]

528 1880 571 1920 ια.
595 1857 686 1919 άλλο.

143 1976 273 2059 Ἠέλιος
295 1983 384 2067 μηνη
407 1977 520 2045 τεκαὶ
544 1978 771 2064 άμφιθέοντος
794 1981 910 2066 ἀλῆται
1131 2003 1156 2042 15

144 2091 318 2173 ζωοφόρου
341 2089 437 2169 τοίην
460 2109 512 2150 τοι
536 2085 763 2152 ἐπεκλώσαντο
786 2086 967 2172 γενέθλην·

144 2194 244 2278 ἕκτην
267 2190 328 2278 μὲν
351 2196 478 2278 βιότοιο
502 2194 583 2279 φίλη
606 2197 695 2279 παρά
718 2193 834 2280 μητέρι
857 2207 967 2280 μεῖναι

146 2302 310 2388 ὀρφανόν,
334 2300 501 2384 ὀγδοάτην
525 2295 562 2364 δὲ
585 2297 654 2382 μετ’
673 2300 872 2384 άντιβίοισιν
897 2301 1023 2387 ἀνάγκη

145 2408 317 2492 θητεύειν·
340 2409 463 2471 νόστον
483 2403 519 2470 δὲ
542 2406 685 2488 γυναῖκά
702 2430 737 2472 τε
755 2409 858 2472 παῖδα
876 2405 905 2472 τ’
923 2406 974 2473 ἐτ’
990 2408 1073 2493 αὐτῇ

144 2517 327 2600 τηλύγετον
351 2514 498 2579 δώσουσι
521 2510 597 2577 θεοὶ
620 2514 753 2599 τριτάτη
778 2512 829 2578 ἐπὶ
853 2517 970 2599 μοίρη·
1132 2536 1158 2574 κο

146 2623 188 2705 δὴ
208 2624 280 2687 τότε
300 2637 354 2686 σοι
368 2624 592 2685 Σκυθικοῖσιν
611 2615 667 2685 ὑπ’
680 2621 788 2704 ἔγχεσι
801 2631 879 2697 παῖς
897 2644 931 2685 τε
951 2621 1059 2707 δάμαρ
1082 2644 1118 2686 τε

145 2731 316 2793 δλλυνται·
341 2723 394 2791 σοὶ
414 2721 451 2791 δὲ
468 2736 577 2790 τοῖσιν
596 2724 773 2791 ἐπάλλιστα
791 2729 813 2807 †
834 2726 963 2812 δάκρυα
986 2728 1117 2811 χεύσας,

146 2834 227 2900 ἑπτά
250 2835 304 2899 καλ
328 2831 429 2899 είκοσ’
447 2835 555 2898 ἐτεσσι
578 2835 655 2916 βίον
677 2832 753 2898 κοτὶ
777 2831 880 2918 τέρμα
902 2835 1064 2919 περήσεις.

168 2962 352 3045 Σχόλιον.
400 2956 524 3041 Εὑρεῖν
548 2957 695 3055 άριθμδν
719 2958 755 3035 ὃς
783 2961 898 3036 λείύας
920 2956 1020 3043 μέρος
1043 2956 1118 3024 ἑαυ-

99 3076 161 3134 τοῦ
195 3063 317 3151 ςἠ’γ’
344 3064 408 3143 ἕξει
441 3065 558 3141 λοιπάς
585 3069 680 3148 μθκζ.
724 3063 899 3131 καὶτοῦτο
931 3062 968 3130 δὲ
1001 3066 1118 3149 ὅμοιόν
1132 3086 1158 3126 25

99 3174 169 3241 ἐστι
194 3183 262 3250 τοῖς
285 3174 348 3257 πρὸ
373 3171 477 3237 αὐτοῦ
499 3169 553 3236 καὶ
578 3170 699 3256 ὁμοίως
722 3172 925 3256 ἐφοδεύεται.
968 3171 1118 3256 εὑρίσκο-

174 3365 238 3430 1ἐς
256 3387 285 3421 τε
305 3366 348 3420 ed.
418 3366 522 3437 ὅτοῖς]
541 3372 590 3419 τοῦ
609 3365 640 3419 Ρ.
711 3370 815 3419 11-13
834 3365 883 3419 καί
974 3360 1119 3419 ἐκτίθεται

103 3439 210 3495 delevi:
230 3438 335 3493 etenim
354 3435 494 3490 minarum
513 3438 746 3489 summaest120
765 3437 794 3490 et
809 3453 861 3505 pro
876 3442 892 3489 2
906 3435 1023 3489 talentis
1042 3451 1119 3488 oom-

100 3512 227 3581 putatur.
297 3514 330 3563 14
348 3508 563 3576 Ep.xlv‚124.
637 3512 670 3562 16
691 3506 876 3577 ζωόφορονΡ
949 3512 981 3561 18
1001 3504 1116 3575 ὀγδοάτ’

100 3580 151 3652 ἠδὲ
167 3583 199 3638 Ρ.
245 3580 355 3652 ἀνάγκη
370 3580 400 3636 Ρ.
464 3585 497 3634 21
514 3577 626 3648 έγχεϊΡ.
678 3584 712 3634 22
727 3575 891 3650 ἐκάλλιστα]
907 3574 952 3632 ἐπ’
965 3577 1059 3648 άλγεσι
1074 3577 1118 3632 ed.
