2570 3988
224 217 273 272 Da
292 217 505 273 DIOPHANTO
524 215 747 272 TESTIMONIA
765 216 950 272 VETERUM.
1051 215 1092 279 37

284 415 455 480 Michaelis
479 415 579 481 Pselli
603 417 742 500 epis'tola
764 416 894 481 inedita.

69 539 107 608 (L
127 564 162 584 =
176 536 382 592 Laurentianus
402 537 497 605 LVIII,
509 544 558 604 293
587 539 655 592 S=
669 537 850 593 Soorialensis
872 536 1097 605 aum-12).

146 665 420 750 Γίαφνρωτάτην
434 665 609 750 παρέχεται
623 667 737 751 χρείαν
751 673 790 748 τῇ
809 665 890 729 κατδι
903 666 981 740 τοὺς
1001 663 1096 747 ἀριθ-

71 774 165 856 μοὺς
194 773 368 857 οἰκονομίᾳ
395 769 450 836 καί
477 771 498 854 ἡ
526 769 595 836 κατ’
614 773 820 855 Αἰγυπτίους
849 781 917 835 τῶν
941 769 1097 852 ἀριθμῶν

71 878 244 962 μέθοδος,
274 874 318 940 δι’
334 871 374 960 ἧς
397 877 618 961 οἰκονομεῖται
641 879 682 943 τὰ
704 878 786 942 κατὰ
809 877 870 960 τὴν
893 874 1096 957 άναίντικὴν
1124 896 1137 935 5

70 987 306 1068 προβλήματα.
352 984 406 1049 δεῖ
436 981 475 1048 δέ
506 999 542 1049 σε
569 995 702 1069 πρῶτον
730 991 933 1066 κατανοῆσαι
960 983 1000 1046 τδι
1030 991 1097 1044 τῶν

72 1089 157 1176 παρ’
178 1091 292 1167 αὐτοῖς
319 1088 475 1174 ἀριθμῶν
498 1089 647 1175 ὀνόματα
674 1088 730 1155 καί
756 1093 832 1155 τίνα
856 1089 1001 1172 δύναμιν
1025 1086 1097 1152 ἕκα-

74 1213 163 1262 στον
186 1195 346 1280 κέκτηται.
388 1197 457 1261 ἔστι
479 1198 542 1280 νδιρ
566 1193 643 1281 παρ’
661 1195 784 1278 αὐτοῖς,
809 1196 852 1272 ὡς
877 1191 914 1260 δὲ
936 1192 992 1259 καὶ
1015 1189 1093 1276 παρ’

73 1304 177 1389 ἡμῖν,
206 1306 329 1388 μονάς
352 1297 430 1368 καθ’
447 1303 490 1387 ἣν
513 1303 652 1369 ἕκαστον
674 1314 742 1368 τῶν
766 1305 873 1367 ὄντων
898 1303 935 1366 ἓν
959 1299 1096 1384 λέγεται.

75 1411 251 1494 ἀριθμὸς
279 1406 316 1475 δὲ
343 1408 419 1492 παρ’
444 1409 556 1487 αὐτοῖς
584 1411 765 1492 ἰδιαίτερον
789 1408 917 1492 λέγεται
946 1408 964 1473 6
991 1404 1095 1492 μηδὲν
1111 1433 1136 1478 ιο

76 1514 142 1602 μὲν
172 1518 293 1600 ἰδίωμα
325 1518 543 1602 κτησάμενος,
576 1519 661 1601 ἔχων
692 1511 729 1581 δὲ
762 1515 799 1581 ἐν
832 1514 937 1604 ἑαυτῷ
967 1519 1098 1597 πλῆθος

76 1625 239 1708 μονάδων
258 1623 428 1707 ἀόριστον·
446 1629 592 1689 καλεῖται
611 1619 648 1688 δὲ
668 1622 781 1700 αὐτοῖς
801 1617 898 1699 οὗτος
916 1622 934 1687 6
954 1621 1098 1708 ἀριθμὸς

76 1729 135 1796 καί
167 1731 324 1812 πλευρά.
372 1731 539 1814 δύναμις
572 1729 612 1795 δέ
638 1733 728 1796 ἐστιν
756 1731 836 1795 ὅταν
865 1729 1009 1814 ἀριθμὸς
1039 1726 1055 1792 ἐ
1086 1724 1093 1750 ’

77 1836 201 1903 ἑαυτὸν
219 1841 532 1922 κολίαιιίαοιασθῇ·
551 1845 650 1903 τοῦτο
670 1832 706 1901 δὲ
724 1843 871 1903 καλεῖται
889 1834 945 1902 καί
962 1835 1097 1916 τετρά-

78 1967 209 2028 γωνος
245 1942 403 2027 ἀριθμός·
445 1945 477 2008 εἰ
512 1938 574 2008 οὖν
612 1943 826 2027 ὑποθοίμεθα
857 1943 916 2007 τὸν
949 1940 1096 2026 ἀριθμὸν
1112 1970 1138 2011 15

79 2051 241 2135 μονάδων
264 2035 301 2133 β,
331 2049 352 2133 ἡ
377 2050 518 2135 δύναμις
546 2053 637 2115 ἔσται
660 2051 818 2135 μονάδων
842 2034 871 2114 δ.
916 2049 1037 2131 κύβος
1060 2049 1100 2114 δέ

80 2157 172 2223 ἐστιν
196 2157 276 2222 ὅταν
295 2156 438 2241 ἀριθμὸς
462 2155 515 2222 ἐπὶ
538 2158 599 2241 τὴν
619 2158 764 2241 δύναμιν
783 2160 1097 2240 πολλαπλασιασθῇ·

79 2257 155 2330 οἷον
178 2265 210 2329 εἰ
230 2262 444 2347 ὑποθοίμεθα
467 2265 527 2328 τὸν
551 2263 697 2348 ἀριθμὸν
720 2264 878 2348 μονάδων
896 2247 928 2346 ᾗ,
951 2262 972 2345 ἡ
996 2263 1096 2327 δύνα-

78 2395 135 2454 μις
163 2369 268 2434 αὐτοῦ
295 2371 335 2435 τά
364 2355 403 2434 δ’
441 2369 499 2435 ἐάν
523 2367 576 2436 ἐπὶ
603 2371 664 2454 τὴν
691 2371 839 2455 πλευράν
862 2371 902 2434 aa
928 2373 951 2453 β
975 2374 1097 2435 κοίλα-

77 2481 288 2560 τιλασιασθῇ,
316 2479 490 2560 γενήσεται
514 2476 531 2542 6
555 2485 575 2560 ἧ
599 2476 743 2561 ἀριθμὸς
769 2476 805 2553 ὃς
829 2477 870 2559 δὴ
892 2476 995 2560 κύβος
1018 2475 1095 2540 ἐστί.
1110 2505 1137 2543 20

79 2585 101 2648 δ
107 2583 410 2667 υναμοδύναμις
434 2582 473 2648 δέ
495 2583 585 2648 ἐστιν
604 2583 685 2648 ὅταν
702 2582 723 2666 ἡ
744 2583 885 2667 δύναμις
904 2579 957 2665 ἐφ’
976 2580 1097 2664 ἑαυτὴν

78 2694 393 2774 πολλαπλασιασθῇ·
413 2682 486 2755 οἷον
505 2690 523 2755 6
541 2676 564 2754 δ
583 2686 636 2775 ἐφ’
656 2688 776 2755 ἑαυτὸν
795 2686 849 2753 καὶ
868 2691 994 2771 γίνεται
1014 2688 1031 2754 ὁ
1053 2694 1096 2758 ῖέ.

80 2798 358 2881 δυναμόκυβος
391 2796 432 2862 δέ
456 2796 546 2862 ἐστιν
579 2796 660 2862 ὅταν
686 2795 707 2879 ἡ
737 2796 878 2880 δύναμις
910 2791 962 2860 ἐπὶ
991 2796 1096 2878 κύβον

153 2994 167 3041 1
184 2988 312 3042 Tiiulum
324 2987 586 3062 Προλαμβανόμενα
600 2995 649 3058 τῆς
662 2985 726 3043 κατ’
742 2987 934 3059 ἀριθμητικὴν
949 2985 1097 3057 αἰννπτια-

79 3068 131 3129 κῆς
150 3058 278 3129 μεθόδου
296 3068 346 3115 τοῦ
365 3063 472 3114 aazia
493 3060 561 3130 prof.
577 3059 606 3114 L.
637 3058 700 3115 Ἀντδ
719 3067 768 3130 τῆς
785 3058 951 3129 Διοφάντου
972 3060 1097 3130 ἀριθμη-

79 3140 158 3201 τικῆς
177 3133 204 3186 S.
243 3136 261 3184 4
279 3128 343 3186 κατ’
363 3129 533 3201 Αἰγνιττίονς
551 3131 581 3199 L,
600 3129 771 3201 αἰνοπτιακὴ
787 3131 813 3186 S.
851 3137 867 3185 ὅ
886 3130 1058 3200 ἀναίντικὴν
1069 3131 1095 3199 S,

79 3203 217 3258 ἀνάδοσιν
235 3202 262 3256 L.
337 3208 482 3272 6ιτρῶτον
501 3202 535 3271 L,
563 3203 678 3272 πρώτως
696 3202 722 3257 S.
791 3201 874 3257 8καί
893 3201 926 3268 L,
956 3197 1013 3257 ἔστι
1032 3201 1058 3257 S.

80 3273 234 3330 9ἕκαστον
253 3273 331 3328 Euel.
352 3273 383 3339 S,
412 3272 515 3328 ἕκαστα
534 3274 564 3327 L.
612 3270 646 3328 ἓν
665 3291 719 3329 om.
738 3273 768 3328 [ι.
842 3279 874 3326 11
894 3271 946 3343 μὲν
966 3290 1011 3328 om
1029 3273 1059 3328 L.

80 3351 113 3400 12
133 3346 230 3407 αὐτοῖς
257 3340 338 3407 οὗτος
366 3343 381 3399 6
409 3346 532 3416 ἀριθμὸς
553 3343 590 3414 Ιι,
624 3343 708 3408 αὐτὸς
735 3344 750 3399 δ
779 3345 902 3414 ἀριθμὸς
929 3339 1009 3407 οὗτος
1032 3344 1059 3399 S.

80 3423 113 3472 16
132 3414 305 3486 ὑποθέμεθα
325 3416 351 3472 S.
400 3421 433 3471 16
454 3412 511 3471 ἐστι
529 3415 558 3472 L.
610 3420 642 3471 17
663 3412 742 3470 ὁπότ’
764 3413 800 3470 διν
818 3415 848 3471 L.
900 3421 933 3470 18
952 3413 979 3470 εἰ
996 3432 1049 3470 om.
1065 3414 1094 3468 L.

114 3507 295 3590 διτοθώμεθα
314 3504 341 3560 S.
401 3509 435 3559 20
453 3505 577 3575 ἀριθμὸς
594 3520 648 3559 om,
669 3504 695 3559 S.
755 3509 789 3558 22
809 3503 823 3559 6
843 3492 863 3559 δ
880 3499 927 3574 ἐφ’
945 3497 1048 3559 ἕαντὸν
1067 3502 1095 3569 S,

80 3595 96 3664 ἡ
117 3597 135 3650 δ
154 3591 258 3664 ἕαντήν
277 3594 307 3649 L.
345 3592 360 3648 6
379 3593 451 3664 (alt.)
470 3610 523 3648 om.
543 3594 573 3648 L.
628 3599 662 3648 23
682 3589 757 3648 ἔστιν
776 3610 830 3648 om.
851 3592 878 3648 S.
