2578 3984
243 171 292 226 DE
310 170 524 227 DIOPHANTO
544 171 768 228 TESTIMONIA
785 172 972 230 VETERUM.
1072 175 1116 239 55

516 387 544 438 ς.
582 368 705 455 άλλο.3)

138 489 455 577 Ἀντομέναιςποτὲ
477 498 564 579 μήλα
588 496 701 578 φίλαις
725 495 979 578 διεμοιρήσαντο

185 598 260 666 Ἰνὼ
283 599 339 666 καλ
362 597 492 684 Σεμέλη
517 601 645 665 δώδεκα
668 607 902 684 παρθενικαῖς·

141 706 201 774 καλ
219 717 292 785 ταῖς
310 705 371 791 μὲν
390 705 519 791 Σεμέλη
539 709 642 791 πόρεν
661 708 767 792 άρτια,
790 718 862 786 ταίς
881 705 917 774 δὲ
935 709 1076 793 περισσά

189 815 274 880 δῶκε
298 816 490 898 κασιγνήτη,
514 819 600 898 μήλα
623 811 654 878 δ’
673 817 747 898 έχεν
769 813 901 880 πλέονα.
1142 838 1156 878 5

142 921 163 1005 ἡ
188 919 250 1005 μέν
273 921 336 1005 γάρ
359 929 514 1006 τρισσήσι
536 915 604 1006 τρί’
622 919 748 1006 ἕβδομοι
772 922 879 987 δῶκεν
902 919 1057 1008 ἑταίραις,

188 1039 260 1104 ταῖς
284 1023 320 1092 δὲ
344 1027 414 1091 δύω
438 1026 572 1091 πάντων
595 1025 743 1111 πέμπτον
768 1029 870 1093 ἔδωκε
893 1028 1005 1111 λάχος·

142 1133 263 1200 ἕνδεκα
287 1131 317 1198 δ’
337 1129 520 1217 ’Λστννόμη
544 1157 602 1218 μιν
626 1133 783 1217 άφείλατο
807 1137 865 1199 καί
886 1135 922 1199 οί
942 1137 1071 1200 ἔλειπεν

189 1251 299 1326 μοῦνα
320 1242 534 1324 κασιγνήταις
556 1245 643 1324 μήλα
667 1241 737 1306 δύω
762 1238 914 1326 φερέμεν.

141 1348 164 1432 ἡ
188 1345 220 1413 δ’
243 1347 336 1434 ἑτέρη
360 1348 536 1432 πισύρεσσι
559 1349 662 1432 πόρεν
687 1349 749 1412 δύο
772 1346 910 1432 τέτρατα
933 1351 1060 1432 μήλων,
1129 1372 1156 1411 10

188 1455 314 1542 πέμπτῃ
340 1453 369 1520 δ’
393 1453 525 1538 έκταίην
548 1465 670 1540 μοίραν
693 1455 818 1519 ἔδωκεν
842 1457 945 1539 έχειν·

141 1561 285 1646 τέσσαρα
306 1558 335 1626 δ’
349 1560 527 1645 Εύρυκόρη
552 1561 663 1644 δῶρον
681 1562 776 1646 πόρε·
800 1558 932 1647 τέτρασι
952 1558 982 1626 δ’
1001 1561 1115 1640 ἄλλοις

166 1673 343 1755 μήλοισιν
367 1666 497 1752 Σεμέλη
522 1671 641 1752 μίμνεν
665 1665 882 1752 ἀγαλλομένη.

164 1789 381 1879 Σχόλιον.3)
422 1796 528 1858 Τοῦτο
556 1793 593 1857 τὸ
621 1795 797 1878 πρόβλημα
820 1793 938 1876 ὅμοιον
960 1791 1022 1878 μέν
1045 1792 1115 1857 έστι

93 1912 168 1978 τοῖς
191 1902 255 1986 πρὸ
279 1900 384 1965 αὐτοῦ
406 1896 462 1963 καὶ
486 1898 642 1975 ὡσαύτως
661 1899 867 1983 ἐφοδεύεται,
890 1901 978 1982 πλὴν
998 1899 1112 1984 διαφέ-
1128 1921 1155 1962 15

94 2031 149 2092 ρει
172 2015 335 2073 τοσοῦτον
354 2007 460 2090 μόνον
480 2005 530 2070 ὅτι
555 2007 696 2070 διπλοῦν
719 2003 865 2071 ἐστικαὶ
889 2007 951 2071 δύο
976 2007 1118 2092 ἀριθμοί

94 2115 185 2179 εἰσιν
215 2115 250 2179 οί
276 2113 469 2197 ζητούμενοι
499 2109 553 2176 καὶ
582 2115 798 2196 μεριζόμενοι,
827 2113 903 2178 ὅτε
926 2123 984 2190 τάς
1007 2111 1115 2190 Ἰνοῦς

95 2221 249 2304 περιττὸς
271 2218 326 2285 καὶ
349 2219 535 2303 περιττάκις
554 2220 600 2295 είς
618 2220 753 2304 περιττά
776 2220 1010 2304 διαιρούμενος
1032 2221 1114 2285 κατά

94 2329 160 2411 τήν
182 2336 243 2392 τοῦ
266 2335 421 2408 περιττοῦ
444 2323 593 2410 ἀριθμοῦ
616 2326 736 2411 φύσιν,
765 2324 820 2391 καὶ
844 2325 862 2390 ὁ
885 2335 943 2410 τῆς
965 2326 1115 2410 Σεμέλης

97 2437 213 2519 άρτιος
235 2431 290 2499 καὶ
314 2433 460 2518 ἀρτιάκις
484 2429 569 2518 ..3)
592 2433 648 2497 καὶ
676 2427 773 2509 οὗτος
800 2435 916 2510 λείύας
944 2429 971 2510 ζ’
988 2429 1015 2510 ζ’
1031 2431 1058 2510 ζ’
1073 2433 1113 2518 ε’,
1128 2457 1154 2496 εο

93 2540 247 2607 τουτέστι
274 2525 332 2625 κ-β,
356 2540 456 2606 λοιπά
479 2542 529 2624 ἢ,
558 2537 613 2605 καὶ
636 2540 749 2604 λύεται
776 2541 812 2605 τὸ
841 2542 1023 2622 πρόβλημα.
1061 2538 1114 2604 ἐπὶ

96 2645 134 2713 δὲ
158 2656 216 2732 τῆς
230 2646 379 2731 Σεμέλης
402 2647 549 2732 ἀριθμὸν
572 2649 654 2711 έστω
679 2646 790 2727 εὑρεῖν
814 2644 850 2720 ὃς
873 2644 1041 2728 ἐλάχιστος
1065 2645 1113 2710 ὢν

93 2754 160 2832 έξει
188 2752 270 2840 μέρη
295 2752 379 2837 λ’έ,
406 2751 461 2819 καὶ
493 2757 583 2818 ἔστιν
612 2752 630 2818 ὁ
659 2755 694 2821 ξ·
727 2750 785 2816 ἐδιν
818 2745 881 2815 οὖν
904 2753 1001 2836 λείψη
1026 2749 1055 2826 L'
1072 2751 1111 2835 ε’,

95 2862 197 2926 λοιπὰ
229 2860 368 2944 μένουσι
396 2847 427 2945 ό,
451 2858 506 2925 καὶ
531 2857 703 2958 ἔστιν-δη
724 2859 845 2923 τούτου
864 2858 1112 2942 τετραπλάσιος·

95 2968 224 3033 οὐκοῦν
237 2967 385 3052 τετράκις
404 2968 421 3032 ὁ
441 2970 461 3035 ξ
479 2971 605 3051 γίνεται
623 2967 676 3049 κδ,
694 2962 750 3030 καὶ
767 2966 957 3047 περαίνεται
971 2963 991 3048 η
1007 2966 1110 3043 λύσις.
1125 2986 1152 3026 25

170 3164 195 3231 1)
211 3159 345 3226 Quintum
358 3159 503 3230 problema
512 3157 719 3213 Metrodoreum
731 3157 819 3211 habas
830 3175 914 3226 supra
923 3175 949 3227 p.
959 3162 1001 3226 45,
1016 3160 1075 3215 not.
1087 3166 1111 3214 1.

170 3237 197 3301 2)
217 3231 361 3288 scholium
378 3231 509 3285 mutilum
527 3230 557 3283 in
576 3229 702 3297 margine
722 3228 864 3298 seriptum.

168 3307 195 3373 3)
213 3303 356 3357 Lacunam
375 3302 469 3358 statui.
501 3303 585 3356 Inous
603 3317 745 3368 numerus,
764 3302 842 3354 cuius
857 3300 979 3356 calculus
997 3299 1111 3370 excidit,

91 3378 138 3431 est
157 3380 200 3430 35.

167 3560 181 3607 1
202 3551 253 3622 Ep.
268 3552 340 3622 XIV,
357 3557 417 3608 119.
491 3556 507 3605 8
524 3548 672 3621 Ἀοτννόμη
692 3549 722 3603 Ρ.
