2570 3988
165 177 230 232 XIV
534 182 811 234 PROLEGOMENA.

167 341 324 425 quaedam
350 342 554 407 arithmetica
575 343 693 427 agnovi
711 343 745 406 in
764 342 879 424 quibus
895 341 1120 426 Pachymeres,
1145 348 1185 409 ut

166 447 403 513 Nicomachum
430 449 466 513 in
495 449 773 534 praecedentibus,
801 449 969 514 Euclidem
992 450 1026 514 in
1050 472 1185 535 sequen-

167 556 265 640 tibus,
285 556 508 641 Diophantum
523 556 684 639 excerpsit
697 556 748 619 vel
762 556 871 639 potius
886 556 983 639 primi
998 557 1073 621 libri
1086 580 1185 641 para-

167 661 303 746 phrasin
331 684 389 726 suo
413 663 550 746 tempori
574 662 848 727 accommodatam
873 663 1022 728 exhibere
1047 667 1184 728 conatus

167 772 233 851 est,
271 768 414 834 codicem
450 771 566 833 nactus
604 773 789 833 nostrorum
827 768 921 833 oredo
959 769 1183 853 archetypum,

166 874 280 938 iisdem
301 877 415 940 saltem
436 875 561 940 mendis
581 856 800 959 depravatum,
819 874 854 938 in
874 897 936 960 quo
957 898 1004 940 11.
1019 898 1065 961 gr.
1080 877 1181 942 verba

165 982 287 1064 ἄλογος
310 981 453 1066 ἀρυθμός
476 981 519 1064 (p.
536 982 588 1064 80,
612 983 646 1064 83
671 981 708 1046 cf.
732 980 757 1063 I,
781 981 811 1065 6,
834 977 871 1067 4)
896 983 962 1045 iam
979 982 1182 1066 legebantur.

233 1087 410 1153 Vaticanus
447 1110 494 1173 gr.
525 1089 588 1153 116
627 1111 665 1152 ex
698 1087 864 1171 deperdito
897 1088 1038 1172 quodam
1071 1088 1180 1153 codice

166 1195 347 1279 descriptus
379 1195 523 1280 videtur,
554 1195 644 1259 cuius
673 1193 814 1258 Parisini
847 1215 972 1278 quoque
1000 1194 1182 1280 apographi

166 1306 255 1385 sunt3
276 1302 370 1366 initio
385 1302 441 1366 ille
456 1302 522 1366 iam
536 1301 672 1365 mutilus
689 1303 767 1383 erat,
780 1301 891 1385 itaque
906 1302 1047 1366 auctoris
1061 1323 1180 1366 nomen

166 1411 285 1474 deerat.
318 1408 448 1493 Integer
470 1411 578 1472 textus
602 1411 730 1472 tantum
755 1411 861 1472 exstat
882 1409 916 1472 in
940 1406 1089 1474 Noniano
1113 1408 1180 1472 255

167 1513 266 1602 (nunc
285 1515 450 1580 Marciano
469 1513 515 1579 Ol.
535 1513 583 1578 VI
603 1515 671 1579 cod.
690 1512 752 1599 VI)
772 1535 853 1579 saec.
867 1512 939 1596 XV,
962 1513 1018 1578 sed
1037 1515 1180 1598 optimae

165 1626 271 1704 notae,
291 1644 329 1685 ex
343 1621 541 1686 monasterio
557 1619 587 1685 S.
603 1619 800 1685 Catharinae
814 1619 969 1686 Sinaitico
984 1621 1062 1694 olim
1077 1621 1179 1686 allato
1282 1633 1283 1636 ’

167 1734 313 1811 atquem
332 1729 412 1792 mihi
430 1751 459 1793 v.
479 1729 518 1793 cl.
539 1726 731 1810 Castellani,
752 1726 939 1792 Marcianae
963 1727 1179 1793 bibliothecae

165 1834 361 1918 praefectus,
392 1835 626 1898 humanissime
658 1834 800 1899 Parisios
832 1834 1023 1899 transmisit.
1072 1833 1179 1899 Huius

165 1942 387 2006 recensionem
405 1942 490 2006 infra
505 1941 636 2005 exhibui
650 1939 717 2028 (pp.
734 1938 911 2026 78—122),
929 1941 1020 2005 nulla
1034 1941 1179 2006 variante
1282 1973 1283 1976 ¹

166 2049 304 2113 lectione
334 2048 367 2112 in
391 2047 547 2112 Parisinis
572 2048 737 2113 codicibus
761 2051 888 2133 reperta
912 2069 993 2131 quae
1018 2048 1179 2113 mentione

166 2156 265 2241 digna
289 2155 459 2219 videretur.

233 2262 262 2326 2.
286 2261 381 2326 Haud
404 2262 507 2325 multo
531 2266 607 2345 post
626 2261 759 2345 Georgii
777 2261 994 2345 Pachymerae
1012 2265 1178 2326 tentamen

164 2370 287 2433 iustum
305 2369 573 2433 commentarium
592 2369 626 2432 in
645 2368 725 2432 duos
742 2369 867 2452 priores
883 2367 982 2432 libros
996 2367 1177 2451 Diophanti

165 2474 326 2540 Maximus
354 2474 514 2539 Planudes
544 2474 683 2559 scripsit.
730 2475 935 2557 Anonymum
965 2496 1045 2558 opus
1073 2477 1178 2538 exstat

166 2584 200 2646 in
232 2582 382 2666 plurimis
416 2580 579 2646 codicibus
613 2581 663 2644 vel
697 2602 816 2645 nomen
844 2584 972 2645 tantum
1000 2581 1176 2665 praefixum

165 2689 228 2753 fuit
250 2693 326 2772 post
349 2687 469 2752 editam
495 2686 712 2772 aXylandro,
735 2687 790 2770 qui
809 2690 974 2751 auctorem
994 2688 1176 2771 suspicatus

166 2799 245 2879 erat,
263 2795 400 2860 latinam
419 2794 729 2877 interpretationem.
762 2791 824 2857 Sed
843 2794 952 2858 nullus
972 2793 1069 2858 dubio
1088 2794 1176 2859 locus

166 2905 231 2966 est:
260 2903 321 2966 etsi
350 2902 436 2965 enim
459 2899 615 2965 Vaticani·
634 2921 680 2985 gr.
705 2901 783 2979 116,
811 2901 901 2964 euius
925 2899 1021 2964 modo
1044 2901 1175 2964 titulum

167 3006 253 3090 dedi,
288 3007 472 3091 deperditus
502 3010 552 3070 est
579 3007 786 3091 archetypus,
813 3005 908 3070 huius
937 3006 1042 3071 adhuc
1068 3007 1176 3072 decem

165 3114 246 3178 folia
269 3113 389 3178 saeculi
408 3111 485 3178 XIV
509 3117 639 3177 exstant
661 3113 695 3176 in
714 3112 932 3176 Ambrosiano
952 3113 996 3177 Et
1017 3113 1079 3178 157
1100 3135 1177 3198 sup,

167 3225 199 3283 et
217 3220 272 3284 ubi
287 3220 447 3303 incipiunt
461 3220 675 3303 problemata,
694 3218 781 3283 haud
796 3219 946 3304 ambigue
960 3219 1066 3303 prima
1079 3241 1176 3283 manu

164 3377 309 3443 Emoniia,
327 3375 358 3431 T.
376 3375 463 3446 XVII,
483 3379 561 3444 1858,
580 3393 626 3445 pp.
647 3377 811 3444 362-633):
831 3391 865 3428 ex
882 3373 954 3429 libro
973 3377 1074 3444 quarto
1093 3391 1175 3444 quae·

164 3465 231 3518 dam
252 3463 413 3534 fragmenta
431 3463 482 3520 Th.
501 3463 536 3520 H.
555 3463 661 3517 Martin
678 3462 799 3524 'theonis
819 3463 964 3531 Smyrnaei
982 3463 1175 3520 Astronomiae

164 3553 300 3610 adiunxit
