2578 3984
339 233 590 290 PACHYMERAE
610 235 870 293 PARAPHRASIS.
1049 238 1111 303 101

94 395 398 483 πλασιεπιμερέσιυ.
436 390 509 464 οἷον
529 402 611 465 ἒστω
631 403 836 485 κελευόμεθοι
856 402 999 485 διαιρεῖν
1018 401 1115 487 ἀριθ-

93 504 159 588 μὸν
192 503 246 569 ἐπὶ
276 508 383 583 λείψει
415 507 572 590 μονάδων
600 509 622 591 β
649 509 708 572 τὸν
737 491 775 591 τό
807 506 844 572 έν
876 510 964 595 λόγῳ
999 509 1114 574 διπλα-

94 613 300 696 σιεφημίσει·
337 615 443 701 τούτῳ
480 616 686 699 προστίθημι
721 615 783 698 τὴν
820 619 931 694 λείψιυ
967 612 1022 680 καὶ
1054 623 1114 680 τοῦ

94 718 278 802 γινομένου
301 703 338 783 ιδ
359 720 419 784 τὸν
439 721 830 806 ὑποτριπλοισιεφήμισυν
849 725 931 805 ζητῶ
950 714 1006 787 οιαὶ
1024 725 1114 788 ἔστιν

94 825 111 890 6
137 810 171 889 δ·
194 834 316 890 τοῦτον
339 837 423 891 ποιῶ
448 826 617 910 ὑπόλογον
640 825 695 892 καὶ
718 829 778 893 τὸν
800 838 823 911 ῆ
845 830 1014 912 πρόλογον
1037 830 1113 913 δίχα
1141 849 1154 889 5

92 943 151 1016 τῆς
175 935 328 1013 λείψεως,
355 930 411 998 καὶ
433 936 564 1016 γίνεταί
587 958 644 1018 μοι
671 935 708 999 τὸ
738 934 929 1020 ἐπιταχθέν·
959 934 977 1001 6
1005 937 1115 1020 γὰρῆ

94 1036 174 1104 δυσὶ
197 1041 343 1104 λείπεται
366 1048 426 1104 τοῦ
455 1035 541 1105 εἶναι
568 1043 652 1125 πρὸς
676 1042 736 1106 τὸν
760 1026 782 1106 δ
805 1042 1115 1127 διπλασιεφήμισυς.

162 1148 207 1211 Ec
225 1142 261 1211 δὲ
282 1147 372 1231 <είς>
391 1150 716 1232 τριπλασιεφήμισυν
736 1149 879 1232 διαιρεῖν
897 1151 1114 1234 κελευόμεθοι,

93 1256 177 1320 έστω
202 1253 220 1318 6
244 1253 389 1339 ἀριθμὸς
412 1252 430 1319 6
451 1255 504 1336 ici,
534 1252 555 1336 ἡ
580 1249 617 1318 δέ
640 1258 748 1331 λεϊὺις
771 1254 929 1338 μονάδων
952 1239 986 1338 β·
1013 1273 1115 1341 προσ-

92 1364 211 1445 τίθημι
238 1368 285 1449 τῷ
313 1363 350 1425 τῖε
377 1361 439 1444 τὴν
469 1366 581 1439 λεῖψιν
610 1359 666 1425 καὶ
694 1369 756 1426 τοῦ
782 1359 964 1444 γινομένου
991 1347 1034 1441 σιξ
1054 1365 1114 1428 τὸν
1131 1383 1155 1421 10

92 1466 530 1553 ὑποτετραπλασιεφήμισυν
564 1471 645 1552 ζητῶ
679 1469 734 1531 καὶ
764 1470 854 1532 ἔστιν
882 1467 900 1532 6
929 1469 962 1536 ξ·
994 1479 1115 1534 τοῦτον

91 1577 212 1658 τίθημι
242 1574 413 1656 ὑπόλογον
444 1571 501 1638 καὶ
532 1574 591 1638 τὸν
624 1576 743 1638 λοιπὸν
777 1559 816 1640 οἶδ
844 1577 1027 1660 πρόλογον,
1060 1573 1115 1641 καὶ

91 1685 221 1764 γίνεται
252 1681 289 1745 τὸ
319 1677 510 1765 ἐπιταχθέν·
544 1679 562 1744 6
595 1681 658 1767 γάρ
690 1665 732 1746 ι-όλ
766 1678 844 1746 δυσὶ
877 1684 1021 1747 λείπεται
1055 1691 1116 1748 τοῦ

91 1783 179 1854 εἶναι
203 1797 263 1853 τοῦ
288 1790 307 1856 ξ
330 1790 658 1873 τριπλασιεφήμισυς.

160 1897 206 1960 Ec
233 1890 269 1959 δέ
297 1894 379 1959 κατὰ
407 1897 509 1977 λόγον
536 1898 860 1980 τριπλασιεπίιριτου
891 1896 1034 1979 διαιρεῖν
1062 1920 1114 1961 κε-
1129 1916 1155 1956 15

91 2007 273 2087 λευόμεθα,
294 1998 483 2085 σωζομένου
500 2009 562 2066 τοῦ
580 2006 898 2086 πολλαπλασιασμοῦ
916 2000 969 2067 καὶ
992 2001 1113 2069 άλλασ-

92 2107 241 2194 σομένου
258 2117 319 2174 τοῦ
338 2111 470 2193 μορίου,
494 2111 577 2173 ἔστω
597 2107 615 2174 6
635 2107 779 2192 ἀριθμὸς
798 2108 815 2173 ὁ
834 2111 886 2191 ιἰἇ,
906 2109 926 2192 ἡ
947 2105 984 2174 δὲ
1007 2114 1115 2188 λεῐψις

91 2216 252 2302 μονάδων
270 2224 300 2279 ἓ·
319 2217 525 2300 προστίθημι
543 2217 601 2280 τὸν
618 2225 637 2280 ἒ
654 2224 700 2303 τῷ
719 2219 762 2280 οἶοι
780 2214 836 2280 κοιλ
855 2224 915 2281 τοῦ
929 2214 1114 2300 γινομένου

91 2326 131 2392 {c}
166 2325 249 2405 ζητῶ
281 2323 341 2386 τὸν
373 2321 808 2408 ὑποτετραπλοισιεπίτριτον
842 2322 879 2398 ὅς
911 2321 1003 2389 ἐστιν
1032 2320 1050 2387 6
1081 2325 1113 2390 ξ·

90 2439 214 2495 τοῦτον
232 2428 402 2511 ὑπόλογον
421 2439 516 2511 ποιῶ,
535 2429 594 2492 τὸν
614 2426 652 2493 δὲ
671 2429 790 2494 λοιπὸν
809 2429 868 2492 τὸν
887 2431 916 2492 ἵε
932 2431 1111 2512 πρόλογον,
1128 2453 1153 2492 ιο

91 2535 147 2602 κοιλ
170 2537 208 2601 τὸ
233 2531 411 2620 ἐπιταχθὲν
435 2538 575 2619 γίνεται·
600 2534 618 2601 6
641 2536 705 2620 γάρ
729 2538 759 2600 ἴε
781 2533 880 2600 πέντε
903 2535 1025 2617 μονάσι
1047 2538 1113 2600 λεί-

90 2666 187 2709 πεται
206 2651 267 2708 τοῦ
285 2637 372 2707 εἶναι
389 2651 451 2708 τοῦ
466 2644 486 2710 ξ
500 2645 830 2727 τριπλασιεπίτριτος.
862 2638 917 2705 καὶ
933 2637 984 2704 ἀεὶ
999 2640 1113 2717 οὑτως.

159 2750 205 2814 Εἰ
227 2745 264 2814 δέ
288 2747 542 2831 ἐπιιυτιοίμεθα
571 2749 714 2832 διαιρεῖν
742 2745 796 2813 ἐπὶ
823 2750 931 2825 λείψει
960 2745 996 2811 έν
1025 2750 1112 2835 λόγῳ

89 2861 452 2941 πολλοιπλυσιεπιμερεῖ
462 2853 518 2921 καὶ
531 2865 665 2941 πρῶτον
676 2855 1014 2941 διπλασιεπιδιτρίτῳ,
1029 2856 1112 2918 ἔστω

91 2963 109 3030 6
134 2963 279 3048 άριδμὸς
302 2962 320 3029 6
343 2965 400 3045 ιῖὰ,
431 2961 451 3045 ἡ
477 2959 512 3026 δὲ
536 2969 644 3041 λεῐψις
672 2963 789 3047 μονάς·
817 2963 1023 3047 προστίθημι
1051 2961 1112 3044 τὴν
1127 2983 1153 3022 25

91 3071 223 3155 μονάδα
250 3078 296 3158 τῷ
324 3071 367 3135 ιῖἇ
398 3067 453 3134 καί
480 3078 541 3134 τοῦ
568 3069 751 3155 γινομένου
780 3074 862 3154 ζητῶ
890 3070 949 3133 τὸν
977 3068 1112 3151 ὑποτρι-

90 3178 399 3262 πλασιεπιδίτριτον
426 3174 482 3241 καὶ
510 3179 601 3242 ἔστιν
629 3178 646 3243 ὁ
676 3181 708 3246 ξ·
738 3186 858 3242 τοῦτον
886 3179 1004 3261 τίθημι
1031 3175 1112 3240 ὑπό-

90 3290 194 3367 λογον
217 3282 354 3349 καὶτὸν
378 3283 496 3348 λοιπὸν
519 3284 579 3348 τὸν
599 3287 627 3348 Z}
651 3287 830 3369 πρόλογον,
854 3281 909 3347 καὶ
927 3285 1056 3366 γίνεται
1074 3284 1111 3347 τὸ

91 3391 284 3478 ἐπιταχθέν·
299 3391 420 3475 μονάδι
435 3396 499 3476 γάρ
514 3393 619 3456 λείπει
634 3390 652 3455 6
668 3395 696 3456 ι“ε
710 3399 772 3455 τοῦ
785 3385 872 3455 εἶναι
886 3398 947 3454 τοῦ
961 3392 981 3458 ξ
996 3390 1112 3454 διπλο-

91 3501 335 3583 σιεπιδίτριτος.
363 3495 419 3564 καὶ
434 3495 484 3563 ἀεὶ
499 3497 517 3562 6
533 3499 846 3581 πολλαπλασιασμὸς
864 3495 1112 3580 άλλασσόμενος
1125 3517 1152 3556 ao

91 3605 250 3672 εὐοδώσει
278 3606 336 3682 τὰς
364 3606 490 3687 λύσεις,
520 3604 716 3690 σωζομένων
744 3603 961 3702 60⁴2?361'3756313,=
970 3603 1112 3693 μορίων.
