2568 3980
151 205 216 270 136
421 206 574 263 SOHOLIA
593 205 633 260 IN
651 203 905 260 DIOPHANTUM.

212 365 351 454 Ὁμοίως
374 367 411 435 δέ
434 368 488 435 καὶ
512 369 571 435 ἐὰν
593 371 630 435 τὸ
655 364 716 454 μέν
740 371 816 432 ΑΗ
835 366 1042 452 ἀριθμοστὸν
1073 366 1172 454 μένῃ,

150 475 223 558 ἤτοι
246 485 295 557 μον
317 478 474 562 μονάδος,
498 477 534 541 τὸ
559 472 596 541 δὲ
620 480 690 540 ΑΕ
712 475 924 558 δυναμοστὸν
946 473 1172 560 ὑποθάμεθα,

149 580 320 648 τουτέστιν
343 591 396 649 θον
419 581 517 668 μέρος
539 592 596 668 τῆς
619 583 702 664 AB,
725 582 762 646 τὸ
788 579 855 655 ΑΞ
874 583 1040 663 κυβοστὸν
1064 583 1169 666 ἔσται,

147 687 319 756 τουτέστιν
345 695 409 770 αζον
441 689 540 776 μέρος
571 699 632 756 τοῦ
661 691 797 754 ΑΒΓΔ
829 687 910 752 ὅλου
943 689 1171 772 τετραγώνου·

48 874 50 878 ¹
121 793 204 861 ικαὶ
228 795 286 860 έδιν
310 795 465 882 ἑκάτερον
488 808 555 861 τῶν
579 797 654 861 ΑΗ
672 792 728 859 καὶ
750 799 820 858 ΑΕ
846 793 1059 877 δυναμοστὸν
1086 795 1171 860 ὑπο-

147 902 302 986 θώμεθα,
324 901 474 968 τουτέστι
497 906 534 968 τὸ
554 901 615 987 μὲν
634 905 710 966 AH
723 907 777 965 θον
796 910 853 985 τῆς
871 903 946 982 ΑΓ,
970 897 1080 965 καὶτὸ
1100 908 1133 966 A
1140 907 1173 966 E

149 1007 271 1092 ὁμοίως
293 1015 347 1073 θον
368 1019 427 1094 τῆς
450 1014 528 1094 ΑΒ,
551 1011 588 1074 τὸ
608 1010 676 1084 ΑΞ
697 1006 1041 1093 δυναμοδυναμοστὸν
1065 1009 1171 1088 ἔσται,

148 1115 319 1181 τουτέστιν
342 1127 414 1182 παον
437 1115 536 1201 μέρος
559 1125 635 1200 μιᾶς
658 1115 822 1200 μονάδος,
846 1116 920 1198 ἤτοι
942 1122 1002 1180 τοῦ
1026 1114 1170 1180 ΑΒΓΔ

148 1224 373 1306 τετραγώνου·
396 1221 451 1288 καὶ
475 1221 527 1288 ἐπὶ
550 1233 618 1288 τῶν
641 1229 768 1288 λοιπῶν
792 1221 923 1307 ὁμοίως.

107 1354 134 1392 ιο
215 1330 287 1416 Χρὴ
313 1326 348 1396 δέ
370 1331 431 1395 τὸν
454 1331 582 1396 τούτων
605 1329 924 1412 πολλαπλασιασμὸν
946 1328 990 1413 μὴ
1010 1328 1055 1404 ὡς
1073 1330 1170 1412 ἔτυχε

147 1447 272 1520 ποιεῖν,
304 1435 453 1503 τουτέστι
482 1439 521 1502 τὸ
551 1438 653 1521 τυχὸν
682 1435 889 1521 άριθμοστὸν
919 1433 972 1500 ἐπὶ
998 1435 1036 1499 τὸ
1063 1436 1169 1520 τυχὸν

148 1541 355 1627 άριθμοστὸν
387 1554 510 1625 ποιεῖν,
547 1544 603 1609 ἵνα
637 1542 772 1627 γένηται
810 1542 1038 1626 δυναμοστόν,
1075 1543 1096 1627 ἢ
1129 1543 1167 1606 τὸ

148 1647 356 1733 άριθμοστὸν
393 1648 446 1716 ἐπὶ
482 1651 519 1716 τὸ
556 1651 658 1735 τυχὸν
696 1651 906 1734 δυναμοστὸν
943 1649 999 1714 ἵνα
1030 1647 1169 1731 γένηται

147 1758 327 1838 αυβοστόν·
351 1754 421 1822 ἀλλ’
449 1758 494 1834 ὡς
516 1756 553 1822 έν
571 1767 641 1833 τοῖς
660 1755 817 1842 ἀριθμοῖς
840 1753 894 1821 καὶ
913 1766 985 1833 ταῖς
1004 1755 1168 1840 δυνάμεσι

108 1884 134 1925 15
147 1859 203 1926 καὶ
230 1873 300 1940 τοῖς
327 1864 441 1941 άλλοις
468 1870 611 1949 εῖρηται,
645 1864 679 1929 τὸ
709 1862 917 1948 ἀριθμοστὸν
945 1860 998 1928 ἐπὶ
1024 1864 1062 1927 τὸ
1092 1869 1169 1928 ῖσον

149 1969 237 2056 αὐτῷ
261 1970 369 2053 ἤγουν
392 1966 445 2055 ἐφ’
473 1969 570 2037 έαυτὸ
593 1971 656 2056 χρὴ
675 1980 794 2052 ποιεῖν,
818 1968 969 2035 τουτέστι
987 1970 1023 2035 τὸ
1044 1980 1093 2053 γον
1114 1968 1168 2036 ἐπὶ

148 2076 184 2140 τὸ
208 2085 257 2158 μον
280 2074 335 2140 ἵνα
357 2073 493 2159 γένηται
515 2082 580 2159 θον,
604 2073 659 2141 καὶ
682 2077 719 2141 τὸ
739 2075 947 2160 άριθμοστὸν
971 2074 1024 2142 ἐπὶ
1047 2079 1085 2142 τὸ
1109 2071 1165 2142 ἀπ’

148 2181 252 2246 αὐτοῦ
277 2182 488 2268 δυναμοστὸν
515 2195 641 2267 ποιεῖν,
670 2181 820 2249 τουτέστι
844 2184 880 2247 τὸ
904 2193 952 2266 μον
976 2181 1028 2248 ἐπὶ
1051 2185 1090 2249 τὸ
1114 2190 1169 2249 θον

147 2287 204 2353 ἵνα
227 2287 362 2374 γένηται
384 2293 460 2369 αζον·
484 2288 539 2355 καὶ
562 2287 615 2355 ἐπὶ
638 2300 706 2355 τῶν
730 2291 840 2355 ἄλλων
864 2289 994 2374 ὁμοίως.

105 2564 133 2602 20
401 2537 458 2603 AD
483 2538 806 2605 DEFINITIONIIM
829 2539 920 2606 VIII.

215 2675 453 2766 [Ἀρνθμοστὸν
477 2677 514 2745 δὲ
538 2678 590 2746 ἐπὶ
614 2680 771 2766 ἀριθμόν,
796 2680 852 2747 καὶ
876 2683 1089 2767 δυναμοστὸν
1113 2682 1165 2749 ἐπὶ

148 2787 307 2872 δύναμιν,
337 2785 393 2852 καὶ
416 2787 456 2852 τδι
479 2789 579 2852 λοιπδι
601 2787 724 2852 ταύτόν
748 2788 816 2853 ἐστι
844 2788 903 2875 τῷ·
931 2797 994 2866 πᾶς
1021 2788 1167 2875 ἀριθμὸς

148 2891 199 2958 ἐπὶ
240 2897 277 2961 τὸ
320 2893 500 2979 ὁμώνυμον
541 2893 646 2959 αὐτοῦ
682 2897 802 2980 μόριον
839 2897 1167 2975 πολλαπλασιασθεὶς

147 3000 278 3084 μονάδα
300 3001 411 3082 ποιεῖ]

107 3133 133 3172 25
214 3110 273 3171 IE.
293 3100 556 3191 Ἀριθμοστὸν
571 3106 632 3173 ἐπὶ
648 3109 838 3193 δύναμιν,
854 3109 1029 3194 ἀριθμὸν
1043 3123 1166 3197 ποιεῖ,

147 3210 201 3278 καὶ
235 3210 315 3296 ἑξῆς.
356 3213 466 3298 ὥσπερ
499 3212 656 3300 ἐλέγομεν
688 3216 739 3281 ὅτι
771 3225 835 3293 πᾶς
866 3216 1010 3301 ἀριθμὸς
1041 3216 1096 3283 έπὶ
1128 3221 1165 3284 τὸ
1278 3229 1279 3242 ³

148 3318 328 3403 ὁμώνυμον
369 3319 474 3385 αὐτοῦ
516 3322 636 3407 μόριον
672 3321 998 3401 πολλαπλασιασθεὶς
1034 3325 1165 3408 μονάδα

219 3517 233 3566 1
254 3510 324 3584 μένῃ
343 3529 412 3568 corr.
432 3530 466 3567 ex
484 3513 562 3583 μένει
581 3513 705 3568 secunda
723 3532 817 3572 manu.
863 3520 970 3570 21-24
985 3514 1166 3588 Ἀριθμοστὸν

206 3592 285 3639 ποιεῖ
300 3584 331 3638 in
348 3582 475 3654 margine
494 3586 606 3640 tantum
624 3587 745 3642 exstant.
