2578 3984
352 235 602 291 PACHYMERAE
621 236 880 294 PARAPHRASIS.
1081 237 1124 302 87

112 400 170 463 τὸν
192 407 253 464 τοῦ
277 399 357 464 ὅλον
378 399 737 484 <ὑπο>πολλαπλάσιον
755 402 814 466 τὸν
834 409 955 484 συνεχῆ
978 410 1039 466 τοῦ
1058 399 1124 466 ἐπι·

110 504 289 590 ταχθέντος
312 506 348 571 ἐκ
370 515 428 590 τῆς
451 504 642 590 διαιρέσεως
664 517 724 572 τοῦ
748 508 896 591 ἀριθμοῦ
914 511 1078 590 γίνεσθαι.

176 636 226 696 κη.
258 615 303 677 Ec
321 610 357 677 δὲ
376 613 643 697 ὑποταττοίμεθα
663 615 785 679 διελεῖν
804 613 951 699 άριθμὸν
975 613 1011 679 ἐν
1034 617 1122 702 λόγῳ

109 717 288 805 ἐπιμορίῳ,
315 717 370 784 καὶ
398 731 527 804 πρῶτος
557 731 625 785 τῶν
649 719 831 805 ἐπιμορίων
854 721 872 786 6
900 721 1064 805 ἡμιόλιος,
1094 724 1125 786 εί

107 834 193 907 νοῦν
217 827 471 911 ἐπιταττοίμεθα
498 827 558 891 τὸν
587 824 733 892 δοθέντα
762 827 909 912 άραθμὸν
937 829 1060 893 διελεῖν
1086 829 1123 894 ἐν
1151 849 1163 889 5

108 934 198 1019 λόγῳ
222 932 379 1021 ἡμιολίῳ,
409 934 462 998 δεῖ
483 937 597 1016 λαβεῖν
619 935 679 999 τὸν
707 944 767 1000 τοῦ
798 935 880 999 όλον
906 933 1123 1000 ὑποδιπλασι-

109 1041 278 1123 εφὴμισυν
306 1037 361 1105 καὶ
383 1041 506 1106 τούτου
534 1035 634 1117 αὖθις
661 1041 721 1105 τὸν
748 1040 903 1125 ἡμιόλιον
925 1039 980 1105 καὶ
1002 1041 1123 1107 τοῦτον

106 1143 241 1211 τιθέναι
273 1150 369 1231 μείζω
403 1148 500 1231 ὅρον,
536 1148 596 1212 τὸν
635 1145 671 1212 δὲ
709 1149 828 1213 λοιπὸν
859 1148 920 1231 τὴν
952 1147 1123 1232 άποτομὴν

106 1252 248 1335 ἐλάσσω,
269 1252 324 1320 καὶ
343 1256 470 1338 γίνεται
487 1256 525 1320 τὸ
544 1257 728 1341 πρόβλημα.
760 1247 834 1320 οἷον
859 1257 941 1319 ἐστω
969 1254 986 1319 6
1007 1253 1123 1332 δοθεὶς

106 1359 252 1445 ἀριθμὸς
270 1363 303 1425 τ’
326 1362 448 1426 τούτου
473 1365 554 1446 ζητῶ
578 1363 637 1426 τὸν
665 1361 1036 1445 ὑποδιπλασιεφὴμισνν
1066 1361 1121 1426 καὶ
1136 1384 1162 1422 10

106 1469 199 1531 ἐστιν
219 1466 236 1533 6
255 1477 291 1551 ἡ,
315 1469 436 1534 τούτου
458 1468 603 1551 ἡμιόλως
627 1467 644 1534 6
668 1453 717 1551 ιβ
740 1477 861 1534 τοῦτον
884 1471 1001 1551 τίθημι
1024 1472 1122 1552 μείζω

105 1573 200 1658 ὅρον,
224 1576 285 1659 τὴν
310 1572 346 1639 δὲ
370 1574 541 1660 άποτομὴν
563 1577 622 1640 τὸν
641 1583 662 1659 ἡ
682 1574 821 1658 ἐλάσσω,
845 1573 900 1640 καὶ
919 1577 1049 1658 γίνεταί
1064 1599 1121 1658 μοι

105 1681 144 1744 τὸ
168 1678 376 1764 προβληθέν·
401 1667 437 1764 ίβ
458 1683 521 1766 γάρ
545 1679 600 1746 καὶ
622 1691 654 1766 ἡ,
669 1685 699 1765 λ,
725 1681 780 1746 καλ
804 1681 822 1747 δ
846 1668 882 1764 ιβ
903 1690 964 1747 τοῦ
987 1684 1006 1747 π
1029 1681 1120 1766 ἡμιό-

105 1792 187 1864 λιος.
224 1790 324 1851 πάλιν
348 1789 501 1854 δεδόσθω
524 1789 541 1854 6
566 1775 599 1853 λ·
621 1790 744 1854 τούτου
762 1789 780 1854 6
799 1789 1122 1873 ὑποδιπλασιεφὴμι-

104 1911 168 1971 συς
187 1893 205 1959 δ
222 1880 273 1978 ᾧ,
296 1896 418 1961 τούτου
437 1896 455 1960 6
474 1895 624 1979 ἡμιόλιος
643 1895 660 1962 6
679 1900 727 1980 Hs
746 1904 868 1962 τοῦτον
885 1900 1003 1980 τίθημι
1022 1900 1119 1981 μείζω
1136 1918 1160 1957 15

104 2001 199 2087 ὅρον,
227 2002 287 2066 τὸν
315 1998 352 2066 δὲ
381 2003 499 2068 λοιπὸν
522 2004 582 2068 τὸν
605 1990 642 2086 ιβ
664 2001 804 2087 ἐλάσσω,
832 2001 887 2068 καλ
915 2006 1045 2087 γίνεταί
1064 2027 1121 2088 μοι

106 2110 145 2174 τὸ
169 2107 379 2194 προβληθέν·
403 2107 458 2173 καὶ
482 2107 535 2174 ἐπὶ
558 2111 692 2175 πάντων
717 2109 734 2176 6
758 2111 858 2187 αὐτὸς
880 2113 987 2193 λόγος.

173 2217 218 2279 Εί
247 2211 284 2280 δὲ
314 2215 568 2300 ἐπιταττοίμεθα
599 2218 742 2299 διαιρεῖν
773 2217 809 2282 ἐν
838 2217 991 2303 ἐπιτρίτῳ
1022 2219 1121 2304 λόγῳ,

104 2323 161 2386 δεῖ
186 2322 367 2406 λαμβάνειν
390 2324 450 2389 τὸν
473 2331 533 2387 τοῦ
561 2324 642 2389 ὅλον
672 2324 1043 2407 ὑποδιπλασιεπίτριτον
1066 2321 1121 2388 καὶ

102 2429 227 2493 τούτου
255 2423 356 2506 αὖθις
382 2431 442 2495 τὸν
470 2429 652 2512 ἐπίτριτον,
683 2429 740 2496 καὶ
766 2438 888 2495 τοῦτον
911 2431 1008 2512 μείζω
1038 2429 1120 2511 ὅρον
1134 2450 1160 2490 εο

104 2533 238 2600 τιθέναι
260 2532 315 2600 καὶ
338 2537 399 2620 τὴν
418 2536 589 2621 άποτομὴν
609 2536 743 2621 ἐλάττω,
766 2533 822 2600 καὶ
840 2537 966 2617 γίνεται
984 2535 1021 2599 τὸ
1041 2537 1120 2616 πρό-

103 2645 223 2726 βλημα.
240 2684 243 2690 ‚
264 2634 337 2707 οἷον
361 2645 444 2707 ἐστω
464 2642 482 2708 6
501 2647 558 2725 εἴη·
576 2653 697 2708 τοῦτον
717 2643 956 2725 ἐπιταττόμεθα
976 2643 1119 2724 διαιρεῖν

103 2751 153 2826 είς
177 2748 238 2814 δύο
262 2747 429 2833 ἀριθμοὺς
452 2749 489 2814 ἐν
513 2749 665 2838 ἐπιτρίτῳ
689 2752 790 2838 λόγῳ·
815 2747 972 2831 λαμβάνω
995 2749 1118 2813 τούτου

102 2858 163 2922 τὸν
191 2855 562 2938 ὑποδιπλασιεπίτριτον
589 2855 645 2922 καὶ
673 2859 764 2921 ἐστιν
788 2855 805 2922 6
833 2841 885 2939 ιβ,
914 2852 969 2920 καὶ
996 2856 1118 2920 τούτου

103 2957 207 3040 αὖθις
237 2963 297 3028 τὸν
325 2962 491 3046 ἐπίτριτον
517 2962 573 3028 καὶ
606 2965 697 3028 ἐστιν
725 2963 743 3027 6
770 2967 816 3032 ῖς·
848 2971 970 3028 τοῦτον
1001 2964 1118 3045 τίθημι
1133 2982 1159 3024 τε

103 3074 201 3155 μείζω
222 3070 314 3154 ὅρον,
333 3069 395 3152 τὴν
410 3065 447 3134 δέ
466 3069 647 3153 ἀποτομήν,
668 3071 826 3152 δηλονότι
843 3071 902 3135 τὸν
914 3053 962 3152 ᾧ,
982 3067 1116 3134 ἐλάττω·

103 3176 160 3242 καὶ
183 3180 314 3260 γίνεταί
334 3199 391 3261 μοι
414 3177 450 3241 τὸ
474 3174 676 3259 προβληθέν.

170 3287 215 3349 Ec
237 3280 274 3348 δὲ
297 3283 563 3367 ὑποταττοίμεθα
582 3284 725 3368 διαιρεῖν
744 3281 781 3347 ἐν
800 3279 997 3369 ἐπιτετάρρῳ
1017 3284 1117 3369 λόγῳ,

103 3391 159 3455 δεῖ
189 3390 371 3475 λαμβάνειν
403 3390 463 3455 τὸν
494 3399 555 3455 τοῦ
588 3389 670 3455 ὅλου
704 3387 1118 3473 ὑποδιπλασιεπιτέταρτον

100 3495 158 3563 καὶ
180 3499 303 3562 τούτου
327 3490 428 3572 αὖθις
449 3497 508 3561 τὸν
527 3496 750 3583 ἐπιτέταρτον,
773 3493 829 3561 καὶ
847 3505 967 3561 τοῦτον
986 3494 1117 3560 τιθέναι
1133 3517 1160 3557 ω

102 3605 186 3689 ὅρον
215 3607 363 3687 μείζονα,
391 3603 450 3667 τὸν
474 3599 511 3666 δὲ
539 3603 658 3668 λοιπὸν
681 3602 819 3684 ἐλάττω,
847 3598 902 3665 καὶ
929 3598 1056 3683 γίνεται
1079 3603 1116 3666 τὸ
1231 3684 1237 3687 .
