2568 3980
369 202 524 261 SGHOLIA
541 205 582 260 IN
599 205 848 264 DIOPHANTUM.
1059 209 1124 274 135

167 364 339 445 Ὡσαύτως
361 366 415 433 καλ
440 371 651 452 δυναμοστὸν
674 369 727 435 ἐπὶ
748 372 958 456 δυναμοστὸν
978 375 1124 458 δυναμο-

106 476 320 560 δυναμοστὸν
342 487 441 540 ποιεῖ·
465 473 615 542 τουτέστι
637 479 675 543 τὸ
699 483 753 542 θο*
775 474 825 543 ἐπ’
847 484 911 562 ffl',
935 488 1007 544 ww
1025 492 1124 563 ποιεῖ,

105 583 180 664 ἦτοι
198 591 260 648 τοῦ
278 589 335 647 &ov
354 584 412 666 <τὸ
430 586 504 668 W>
523 579 596 648 καθ’*
614 583 695 648 ἐστι·
719 581 774 649 καὶ
797 584 861 670 γδιρ
885 582 939 649 καὶ
958 572 994 671 θ,
1015 585 1068 652 ἐπὶ
1086 574 1123 672 θ,

104 692 150 755 ἵνα
174 687 279 755 ἐποίει
303 691 588 775 δυναμοδύναμιν.

162 794 272 862 Ἔστω
292 793 329 861 δέ
348 795 403 861 καὶ
422 795 475 862 ἐπὶ
494 798 740 882 διαγράμματος
759 798 872 882 δῆλον.
898 797 1125 866 ἐκκείσθωσαν
1152 824 1165 864 ι

106 903 169 968 δύο
195 902 324 968 εὐθεῖαι
347 904 431 989 πρὸς
454 904 559 988 ὀρθάς
582 903 739 989 ἀλλήλαις
763 905 800 970 αλ
815 909 881 970 ΑΒ
899 904 954 971 καὶ
973 910 1048 991 ΑΓ,
1069 907 1125 972 καὶ

1 993 2 1046 ³
105 1012 190 1075 ἔστω
215 1008 350 1094 ἑκατέρα
378 1010 490 1076 αὐτῶν
516 1011 661 1096 μονάδος
688 1020 774 1096 μιᾶς,
800 1041 816 1069 α
906 1042 917 1069 ε
999 1025 1012 1078 ζ

104 1114 160 1182 καὶ
184 1115 433 1201 ἀναγεγράφθω
453 1115 507 1182 ἀπ’
530 1117 641 1182 αὐτῶν
662 1119 774 1201 τετρά-

103 1247 217 1307 γωνον
231 1225 267 1288 τὸ
283 1226 429 1307 ΑΒΓΔ,
444 1222 499 1288 καὶ
513 1225 604 1291 ἔσται
618 1225 774 1309 μονάδος.
798 1255 1116 1329 η--ἷ--μ

105 1328 160 1395 καὶ
180 1331 356 1416 διῃρήσθω
376 1329 512 1413 ἑκατέρα
530 1342 597 1397 τῶν
616 1336 690 1415 ΑΒ,
707 1335 777 1398 ΑΓ
1140 1361 1166 1399 ιο

105 1440 152 1516 είς
173 1447 196 1522 γ
219 1441 323 1523 τρίτα·
347 1437 367 1521 ἡ
393 1435 453 1521 μὲν
476 1442 541 1504 ΑΒ
565 1442 612 1516 είς
633 1441 674 1505 τδι
696 1445 773 1523 ΑΕ,
792 1448 813 1488 θ
1100 1465 1112 1492 v

104 1549 178 1627 ατ,
199 1540 672 1629 εε,ηολΑΓιιςτοΑΗ,
691 1551 772 1630 Ηο,
1000 1476 1003 1640 λ

107 1654 183 1716 ΘΓ·
211 1649 266 1716 καὶ
289 1652 451 1735 ἤχθωσαν
479 1651 542 1717 ἀπὸ
569 1663 637 1718 τῶν
660 1659 692 1718 E
716 1652 772 1719 καὶ
797 1625 1113 1696 γ-Γ-ῑ“δ

1 1781 2 1790 ’
106 1761 133 1821 Ζ
157 1761 304 1842 σημείων
331 1757 537 1842 παράλληλοι
564 1768 603 1845 τῇ
632 1764 701 1826 ΑΓ
724 1761 854 1827 εὐθεῖαι
880 1761 918 1827 αἱ
941 1766 1023 1848 EK,
1047 1768 1125 1829 ΖΑ·

105 1865 229 1950 ὁμοίως
251 1863 306 1931 καὶ
330 1865 393 1930 ιἰιτὸ
417 1876 484 1931 τῶν
508 1871 547 1931 Η
565 1865 620 1932 καὶ
639 1872 668 1932 (δ
687 1871 832 1952 σημείων
855 1869 1062 1954 παράλληλοι
1084 1879 1124 1956 τῇ
1139 1893 1165 1935 ιε

104 1976 170 2037 ΑΒ
204 1973 241 2036 αί
267 1975 361 2054 ΗΜ,
394 1976 479 2037 ΘΝ·
511 1971 567 2039 καὶ
598 1973 771 2058 τεμνέσθω
803 1975 824 2059 ἡ
854 1979 922 2040 ΕΚ
952 1978 1014 2061 τὴν
1045 1979 1130 2043 HM

103 2079 247 2145 κατὰτὸ
271 2078 306 2153 Ξ.

168 2181 257 2251 Ἐπεὶ
285 2189 403 2251 τοίνυν
431 2186 451 2270 ἡ
482 2190 546 2251 ΑΒ
574 2187 679 2270 μονάς
706 2189 754 2265 είς
779 2197 803 2270 γ
830 2190 925 2272 τρίτα
958 2187 1123 2276 διῄρηται,

104 2291 246 2358 ἕκαστον
269 2293 334 2377 άρα
353 2303 420 2357 τῶν
438 2297 517 2375 ΑΚ,
538 2298 613 2375 KZ,
634 2299 700 2358 ΖΔ
723 2297 835 2376 τρίτον
854 2297 1001 2380 μονάδος
1019 2299 1123 2363 ἔσται·

104 2402 187 2467 ὅλον
214 2403 278 2487 γὰρ
309 2402 347 2465 τὸ
380 2402 518 2465 ΑΒΓΔ
549 2400 758 2484 τετράγωνον
790 2402 935 2485 μονάδος
967 2412 1043 2488 μιᾶς
1072 2400 1123 2487 ἦν.
1138 2428 1165 2469 νο

104 2505 176 2573 ἀλλ’
210 2505 349 2571 ἕκαστον
380 2507 509 2571 τούτων
541 2507 642 2572 πάλιν
675 2507 739 2572 ὑπὸ
771 2518 839 2571 τῶν
865 2511 950 2573 ΗΜ
972 2507 1027 2575 καὶ
1055 2514 1129 2574 ΘΝ

104 2614 250 2680 εὐθειῶν
274 2615 321 2690 είς
341 2615 364 2697 γ
386 2615 481 2698 τρίτα
504 2610 670 2699 διῄρηται·
699 2615 790 2678 ἔσται
818 2607 880 2679 οὖν
908 2614 964 2680 καὶ
990 2617 1028 2680 τὸ
1052 2621 1127 2681 ΑΚ

103 2723 152 2799 είς
169 2726 192 2804 γ
210 2722 304 2807 τρίτα
323 2717 535 2806 διῃρημένον.
568 2715 610 2802 ἦν
625 2717 662 2785 δέ
676 2719 730 2786 καὶ
746 2722 826 2786 ὅλον
843 2723 879 2787 τὸ
895 2728 927 2787 Α
933 2724 967 2786 K
977 2723 1124 2807 μονάδος

1 2823 2 2910 ᾗ
104 2831 233 2913 τρίτον·
263 2829 300 2894 τὸ
324 2826 392 2901 ΑΞ
411 2828 476 2911 άρα
505 2828 596 2892 ἔσται
623 2831 737 2912 τρίτον
763 2831 893 2913 τρίτου,
924 2829 1004 2914 ὅπερ
1033 2829 1124 2895 ἐστίν

104 2937 239 3001 ἔνατον·
275 2931 331 2999 καλ
369 2932 532 2999 δέδεικται
570 2933 659 3011 ὅπως
678 2936 727 3014 τὸ
760 2934 968 3020 άριθμοστὸν
1001 2934 1053 3001 ἐπὶ
1085 2938 1123 3002 τὸ
1138 2960 1164 3001 τε

104 3041 329 3126 ἀριθμοστόν,
361 3040 510 3107 τουτέστι
532 3042 570 3105 τὸ
594 3045 663 3106 ΑΕ
689 3039 741 3106 ἐπὶ
764 3043 801 3106 τὸ
826 3046 912 3125 ΑΗ,
944 3045 981 3108 τὸ
1010 3047 1123 3129 τρίτον
1246 3075 1251 3100 ι

104 3145 159 3214 ἐπὶ
182 3150 220 3214 τὸ
242 3149 367 3233 τρίτον,
392 3148 603 3231 δυναμοστὸν
626 3147 760 3232 έιτοίησε
778 3149 815 3213 τὸ
835 3151 902 3224 ΑΞ
918 3150 1064 3234 μονάδος
1083 3151 1123 3216 δν

104 3257 239 3320 ἔνατον
259 3254 296 3319 τὸ
311 3255 373 3340 γάρ
389 3257 526 3319 ΑΒΓΔ
545 3254 625 3319 ὅλον
644 3254 863 3339 τετράγωνον,
883 3258 1029 3340 μονάδος
1047 3268 1124 3342 μιᾶς

104 3363 157 3444 δν,
181 3361 344 3427 τοιούτων
368 3358 458 3426 ἐστὶν
481 3359 578 3426 ἐννέα
602 3360 684 3426 οἵων
707 3359 775 3427 ἐστὶ
799 3363 835 3426 τὸ
859 3362 927 3437 ΑΞ
947 3361 1031 3441 ἑνός.

178 3595 194 3642 2
214 3588 245 3644 τδ
266 3586 384 3644 ἔννατον
403 3589 468 3644 add.
487 3590 534 3661 X,.
