2570 3988
127 209 166 263 VI
493 213 770 266 PROLEGOMENA.

127 373 213 437 infra
251 372 453 451 ostendetur,
491 373 576 457 apud
608 374 720 439 doctos
754 373 973 439 celebritatem
1005 377 1138 438 nactum
1224 371 1227 379 ’

129 484 211 563 erat,
239 478 319 543 illud
348 479 586 544 mathematicis
610 479 781 564 anonymis
806 480 936 563 scriptis
960 480 1137 564 praefigere

128 586 216 649 fraus
248 584 355 650 facilis
383 580 456 668 tuit.¹
506 585 557 651 Sic
585 587 828 671 Prolegomenis
857 586 896 651 ad
925 587 1077 671 syntaxin
1105 587 1140 650 in

128 691 294 756 Marciano
322 691 443 776 codice,
472 694 517 759 sic
541 692 738 758 Heronianis
767 694 959 778 fragmentis
987 691 1039 781 (ut
1064 693 1137 758 aliis

128 798 274 864 Euclidis
302 796 435 886 nomen)
462 800 495 863 in
523 799 671 864 Parisino
700 804 813 865 nostro
842 800 1040 884 adscriptum
1067 799 1139 863 fuit.

196 905 278 982 Quid
305 908 477 991 praecipue
504 907 681 971 notandum
710 907 748 971 de
775 907 837 972 hoc
859 906 1138 990 pseudepigrapho

128 1034 213 1077 nunc
241 1012 353 1076 dicam.
404 1011 609 1078 Geometriae
637 1035 718 1098 quae
746 1013 848 1077 fertur
876 1012 1015 1078 Heronis
1043 1013 1140 1077 libra-

128 1120 197 1184 rius
212 1141 294 1186 saec.
302 1119 392 1201 XIII,
411 1123 447 1184 ut
460 1120 597 1204 ridetur,
610 1121 702 1184 varia
717 1120 864 1184 adiunxit
879 1141 959 1203 quae
973 1121 1139 1185 invenerat

129 1224 166 1290 ἐν
194 1226 282 1314 ἄλλῳ
310 1227 428 1311 βιβλίῳ
456 1233 516 1292 τοῦ
535 1223 690 1311 Ἥρωνος
718 1224 781 1306 (ed.
804 1225 957 1311 Hultsch,
987 1250 1041 1311 pp.
1067 1227 1140 1309 131,

131 1332 186 1418 143
220 1335 297 1417 134,
321 1334 349 1398 8.
377 1330 441 1419 15).
487 1333 635 1397 Alteram
667 1335 770 1416 ipsius
797 1333 938 1398 Heronis
967 1333 1140 1399 editionem

129 1462 216 1504 nunc
253 1439 451 1523 deperditam
489 1440 535 1504 sic
572 1439 734 1525 designari
772 1439 908 1505 credidit
940 1440 1139 1504 clarissimus

129 1545 301 1609 Mauritius
325 1543 460 1629 Cantor,
488 1546 653 1630 multaque
681 1546 942 1632 ingeniosissime
966 1567 1025 1610 suo
1049 1567 1140 1611 more

130 1651 305 1716 seeundum
341 1651 424 1716 hanc
461 1651 678 1717 coniecturam
715 1649 936 1739 disputavit1).
989 1650 1050 1716 Sed
1085 1653 1141 1736 qui

130 1761 253 1823 attente
290 1756 487 1823 Heronianis
528 1759 719 1842 iampridem
762 1759 856 1823 editis
897 1781 1017 1824 novum
1053 1757 1141 1843 frag-

130 1868 273 1928 mentum
297 1870 443 1929 nostrum
467 1865 624 1949 conferet,
646 1865 759 1930 forsan
784 1866 879 1930 aliter
902 1866 1031 1950 sentiet,
1059 1865 1140 1930 illud

130 1972 216 2035 enim
249 1972 330 2036 ἄλλο
362 1974 495 2055 βιβλίον
525 1972 606 2036 nihil
636 1993 705 2036 esse
731 1971 796 2036 nisi
824 1971 985 2056 quendam
1012 1972 1140 2056 proble-

130 2082 254 2142 matum
288 2079 557 2162 geometricorum
584 2079 792 2163 byzantinam
821 2079 1057 2154 collectionem,
1090 2079 1141 2142 vel

130 2184 271 2248 Heronis
290 2185 421 2249 nomine
439 2185 639 2270 insignitam,
658 2191 695 2250 ut
713 2185 794 2250 alias
813 2185 888 2250 illas
908 2186 948 2249 ab
969 2184 1140 2250 Hultscbio

130 2293 164 2356 in
192 2313 307 2376 corpus
335 2291 507 2374 conflatas,
534 2292 585 2355 vel
613 2292 697 2356 forte
721 2313 932 2376 anonymam,
961 2292 1016 2356 sed
1040 2291 1140 2356 Hero·

130 2399 237 2462 nianis
271 2397 484 2482 simillimam,
517 2397 597 2462 mihi
630 2400 744 2463 saltem
776 2398 976 2482 probabilius
1007 2398 1141 2461 videtur.

131 2503 283 2570 Ceterum
303 2527 341 2568 ex
359 2504 417 2568 illa
436 2505 623 2570 collectione
643 2503 714 2590 (aut
731 2506 788 2570 illo
809 2505 872 2570 alio
887 2504 1027 2570 Heronis
1042 2501 1141 2589 libro)

131 2611 372 2694 Diophanteum
413 2611 729 2696 pseudepigraphum
771 2611 997 2695 depromptum
1033 2609 1143 2694 fuisse,

132 2717 269 2800 amplius
293 2718 514 2782 demonstrare
538 2718 744 2805 supersedeo;
768 2719 856 2783 locos
880 2717 1089 2783 conferendos
1108 2717 1142 2780 in

131 2823 211 2888 meis
231 2824 492 2889 adnotationibus
511 2826 612 2890 lector
630 2826 773 2890 inveniet
791 2825 846 2908 qui
861 2847 898 2888 ea
913 2824 951 2889 de
965 2846 1000 2888 re
1015 2828 1142 2888 senten-

131 2931 212 2994 tiam
236 2931 446 3014 pronuntiare
470 2933 586 3014 cupiet.

615 3090 657 3156 II.

199 3215 437 3310 Quumomnia
460 3213 635 3302 (perpauca
659 3214 751 3304 sane)
776 3238 857 3300 quae
877 3217 917 3280 ad
936 3238 1042 3280 meam
1060 3214 1144 3279 noti-

132 3322 214 3386 tiam
229 3326 442 3404 pervenerunt
455 3325 491 3388 dc
500 3321 1144 3405 111οβ111110111110110011111110011191,

205 3503 231 3567 1)
255 3497 439 3567 Vcrlcsrmpea
463 3499 529 3552 atbar
553 3497 706 3553 Gescticbte
728 3498 776 3552 der
800 3497 995 3567 Mathematlc,
1021 3494 1143 3565 Lipsiae,

132 3587 210 3658 apud
228 3586 414 3656 Teubnerum,
436 3590 513 3654 1880,
531 3603 577 3654 pp.
598 3590 650 3640 330
670 3603 729 3653 sqq.
801 3645 805 3652 ,
