2578 3984
164 190 209 254 60
309 190 357 244 DE
376 189 589 245 DIOPHANTO
608 188 835 245 TESTIMONIA
851 187 1037 244 VETERUM.

165 376 226 437 μεν
255 355 319 437 γάρ
350 353 496 439 ἀριθμὸν
528 353 564 429 ὃς
593 352 763 437 ἐλάχιστος
793 352 841 417 ὢν
871 349 935 430 ἕξει
964 352 1004 416 τδι
1036 349 1180 418 δοθέντα

164 458 247 545 μέρη
272 457 406 544 ςἠ’μ’,
439 462 508 525 ἔστι
532 456 569 525 δὲ
592 446 693 526 ὁκδ·
717 458 776 524 ἐὰν
800 453 863 524 οὖν
882 455 1008 542 άφέλης
1026 456 1059 536 ἐξ
1079 457 1181 523 αὐτοῦ

165 564 247 652 μέρη
267 563 392 650 ςἠ’μ’
412 565 582 633 τουτέστιν
605 578 642 652 μθ
665 572 709 650 ιε,
738 566 837 631 λοιπά
866 563 1027 648 μένουσιν
1044 551 1084 629 δ’
1109 558 1180 630 ἀλλ’

167 673 313 758 ὤφειλον
343 668 429 740 είναι
459 661 513 753 κζ·
550 674 676 740 οὐκοῦν
712 671 783 757 τρὶς
812 673 852 737 τά
877 657 924 736 κδ
950 674 1103 755 γίνονται
1127 657 1183 755 ο-β,

139 773 226 863 σάφ’
248 775 296 845 ὧν
319 781 356 846 τὸ
381 778 524 865 ςἠ’γ’,
547 767 713 860 λοιπὰκζ.

594 998 637 1078 ιβ.
666 997 756 1059 άλλο.

214 1115 347 1199 Τόμβος
370 1115 444 1200 ἐγώ,
469 1120 581 1184 κεύθω
602 1113 639 1182 δὲ
657 1117 847 1182 πολύστονα
865 1115 963 1180 τέκνα
980 1118 1152 1201 Φιλίννης,

256 1232 350 1287 τοῖον
373 1226 566 1307 μαφιτόκιον
589 1226 717 1309 καρπὸν
741 1225 827 1307 ἔχων
850 1225 1011 1305 λαγόνων.

209 1326 358 1413 πέμπτον
377 1329 414 1395 έν
432 1329 573 1414 ἠιθέοις,
591 1333 744 1414 τρίτατον
764 1326 794 1394 δ’
813 1326 864 1394 ένὶ
882 1335 1138 1414 παρθενικῇσιν,

126 1459 152 1498 10
255 1446 343 1519 τρεῖς
367 1435 407 1501 δέ
427 1461 484 1522 μοι
507 1436 709 1521 άρτιμάμους
732 1438 817 1502 δῶκε
838 1438 982 1500 Φιλίννα
1005 1437 1115 1520 κόρας.

210 1539 321 1608 λοιποὶ
344 1536 376 1606 δ’
393 1541 518 1625 ἠελίοιο
542 1542 755 1627 πανάμμοροι
778 1539 838 1624 ἠδὲ
861 1538 916 1606 καὶ
939 1541 1044 1626 αὐδῆς

254 1646 410 1733 τέσσαρες
433 1648 468 1714 ἐκ
492 1651 645 1732 λαγόνων
668 1651 715 1726 είς
736 1644 912 1734 Ἀχέροντα
935 1646 1047 1713 πέσον.

232 1793 414 1883 Σχιόλιον.
459 1790 584 1876 Εὑρεῖν
607 1790 755 1890 άριδμὸν
779 1790 816 1867 ὃς
843 1792 958 1867 λείφας
981 1788 1080 1875 μέρος
1108 1789 1184 1857 έαν-

165 1906 226 1962 τοῦ
259 1895 287 1962 ε’
306 1894 341 1980 μ’
370 1896 433 1975 ἕξει
466 1898 583 1974 λοιπάς
610 1909 647 1981 μο
669 1902 690 1976 ζ.
745 1894 800 1962 καὶ
832 1905 931 1963 τοῦτο
964 1897 1082 1982 όμοιόν
1115 1898 1185 1964 ἐστι
1281 1895 1282 1902 ¹

126 2026 151 2066 τε
166 2013 236 2080 τοῖς
258 2005 323 2086 πρὸ
348 2003 453 2069 αὐτοῦ
482 2013 592 2071 πᾶσιν.
630 2004 827 2089 εὑρίσκομεν
855 2004 918 2087 γάρ
947 2001 1094 2089 ἀριθμὸν
1119 2005 1185 2088 [ὃς]

166 2107 339 2193 ἐλάχιστον
359 2113 476 2194 έχοντα
500 2112 540 2177 τά
562 2111 718 2210 εἰρημένα
736 2110 831 2196 μέρη,
855 2113 914 2177 τὸν
933 2113 974 2178 ιε’·
999 2111 1185 2196 άναφελόν-

165 2238 218 2291 τες
241 2215 341 2299 μέρος
364 2213 393 2281 ε’
408 2214 454 2301 γ’,
478 2218 577 2284 λοιπά
601 2222 624 2297 ζ.

589 2456 630 2516 ιγ.
669 2433 757 2497 άλλο.

1281 2421 1283 2468 ρ

1281 2477 1283 2514 λ

1281 2519 1283 2558 λ

212 2548 320 2632 Οὗτός
341 2579 393 2621 τοι
409 2560 640 2641 Διόφαντον
663 2557 730 2641 έχει
757 2556 875 2640 τάφος·
906 2551 927 2621 ά
950 2555 1033 2641 μέγα
1055 2564 1185 2643 θαῦμα,

126 2684 152 2723 εο
254 2660 310 2726 καὶ
332 2663 438 2747 τάφος
461 2663 496 2729 έκ
518 2663 636 2747 τέχνης
659 2660 760 2747 μέτρα
782 2665 871 2742 βίοιο
894 2661 991 2745 λέγει.

210 2767 308 2852 ἕκτην
331 2773 496 2854 κουρίζειν
519 2772 635 2853 βιότου
658 2771 738 2846 θεὸς
760 2770 871 2835 ὤπασε
895 2773 1027 2856 μοίρην,

254 2875 447 2959 δωδεκάτην
471 2873 502 2941 δ’
520 2874 647 2953 ἐπιθεὶς
670 2882 757 2961 μῆλα
779 2879 883 2963 πόρεν
905 2878 1051 2964 χλοάειν·

210 2989 249 3066 τῇ
273 2977 305 3046 δ’
327 2980 380 3063 ἄρ’
404 2978 457 3066 ἐφ’
481 2981 646 3068 ἑβδομάτη
668 2983 706 3048 τὸ
729 2985 893 3067 γαμήλιον
915 2984 1022 3068 ἥψατο
1047 2981 1181 3068 φέγγος,

256 3088 292 3153 έκ
315 3087 353 3154 δὲ
375 3089 492 3172 φάμαν
514 3087 649 3176 πέμπτῳ
672 3086 762 3153 παῖδ’
782 3087 958 3155 ἐπένευσεν
981 3093 1057 3154 ἔτει·

128 3215 154 3256 25
213 3195 250 3260 αἲ
270 3195 307 3260 αδ
327 3197 508 3280 τηλύγετον
532 3197 645 3261 δειλὸν
668 3195 775 3279 τέκος,
801 3197 903 3280 ἥμισυ
926 3198 1049 3280 πατρὸς

256 3304 355 3367 τοῦδε
378 3300 434 3368 καὶ
457 3293 478 3388 ᾖ
501 3304 640 3389 κρυερὸς
662 3300 784 3390 μέτρον
808 3300 893 3367 έλὼν
916 3305 1040 3385 βιότου.

238 3495 475 3564 6Ep.XIV,125.
522 3500 556 3548 10
575 3494 671 3564 τρλςΡ.
718 3501 752 3550 18
766 3496 967 3566 Ep.xlv,126.
1011 3502 1045 3550 21
1066 3493 1131 3564 ἕκτη
1150 3496 1180 3550 Ρ.

202 3571 236 3619 22
256 3566 401 3636 δωδεκάτη
420 3566 442 3619 Ρ
501 3565 616 3636 χνοάειν
635 3567 678 3622 ed.
741 3573 774 3622 26
794 3576 844 3623 σοῦ
863 3565 889 3637 η’
912 3564 997 3637 έκάης
1016 3570 1118 3638 δνεροῦ
1138 3566 1181 3623 ed.
