2578 3984
355 235 606 291 PACHYMERAE
625 236 884 294 PARAPHRASIS.
1084 236 1127 301 87

114 400 172 465 τὸν
194 408 256 464 τοῦ
280 398 361 464 όλου
381 399 740 484 <ὑπο>πολλαπλάσιον
757 401 817 466 τὸν
837 409 958 484 συνεχῆ
981 409 1042 464 τοῦ
1061 399 1127 465 ἐπι-

112 504 293 590 ταχθέντας
315 504 351 570 ἐκ
373 515 431 589 τῆς
454 504 645 590 διαιρέσεως
667 516 728 572 τοῦ
751 507 899 592 άριθμοῦ
918 510 1083 589 γίνεσθαι.

179 635 229 695 κη.
261 614 307 676 El
324 609 361 676 δέ
380 613 647 697 ὑποταττοίμεθα
666 614 788 678 διελεῖν
808 613 954 699 ἀριθμὸν
978 612 1015 678 ἐν
1038 616 1126 702 λόγῳ

111 717 292 804 έπιμορίῳ,
319 717 374 784 καὶ
401 731 531 803 πρῶτος
561 730 629 784 τῶν
652 718 834 804 ἐπιμορίων
858 721 875 785 6
904 720 1068 805 ἡμιόλιος,
1097 723 1129 786 εί

110 833 196 907 γοῦν
220 826 474 910 ἐπιταττοίμεθα
501 827 562 891 τὸν
590 824 737 892 δοθέντα
765 827 913 912 ἀριθμὸν
941 828 1063 892 διελεῖν
1089 828 1126 893 ἐν
1154 848 1167 888 5

111 934 201 1019 λόγῳ
225 932 383 1021 ἡμιολίῳ,
413 934 466 998 δεῖ
486 935 601 1016 λαβεῖν
623 935 682 998 τὸν
710 944 770 999 τοῦ
802 935 883 998 ὅλου
909 932 1127 999 ὑποδιπλασι·

112 1043 281 1123 εφήμισυν
309 1036 364 1104 καὶ
386 1041 509 1105 τούτου
537 1034 638 1116 αὖθις
664 1040 725 1105 τὸν
752 1039 906 1124 ἡμιόλιον
928 1038 984 1104 καὶ
1006 1041 1127 1107 τοῦτον

109 1143 244 1211 τιθέναι
276 1150 373 1231 μείζω
406 1147 503 1230 ὅρον,
540 1147 600 1212 τὸν
638 1144 675 1212 δέ
712 1148 831 1212 λοιπὸν
863 1148 923 1230 τὴν
956 1147 1127 1232 άτιοτομὴν

110 1252 251 1335 ἐλάσσω,
273 1251 328 1320 καλ
346 1257 473 1338 γίνεται
490 1256 528 1321 τὸ
548 1256 731 1341 πρόβλημα.
764 1246 838 1319 οἷον
862 1255 944 1319 ἐστω
972 1253 990 1319 6
1010 1253 1126 1331 δοθεὶς

109 1359 256 1445 ἀριθμὸς
273 1362 306 1426 ιἰ·
329 1361 452 1426 τούτου
476 1364 558 1445 ζητῶ
581 1363 640 1426 τὸν
668 1360 1040 1445 ὑποδιπλασιεῳήμισνν
1070 1360 1124 1427 καλ
1139 1383 1166 1422 10

109 1469 203 1531 ἐστιν
222 1467 239 1532 6
259 1477 295 1551 ἡ,
318 1468 439 1534 τούτου
462 1467 606 1551 ἡμιόλως
630 1468 647 1533 6
671 1453 720 1550 ὦ
744 1477 864 1533 τοῦτον
887 1471 1005 1551 τίθημι
1028 1472 1125 1552 μείζω

108 1573 204 1658 ὅρον,
228 1576 289 1658 τὴν
313 1571 350 1639 δέ
373 1573 545 1659 άποτομὴν
567 1577 626 1640 τὸν
644 1584 666 1658 ἡ
686 1575 824 1657 ἐλάσσω,
848 1573 903 1639 καὶ
922 1577 1052 1657 γίνεταί
1068 1598 1125 1658 μοι

108 1681 148 1744 τὸ
172 1678 379 1764 προβληθέν·
405 1667 524 1765 ιβγάρ
548 1680 604 1747 καί
625 1692 658 1765 ἡ,
673 1685 702 1764 ιἰ,
728 1679 784 1747 καὶ
807 1681 825 1746 6
849 1667 885 1763 ᾧ
906 1690 967 1747 τοῦ
990 1684 1010 1746 π
1032 1681 1124 1766 ἡμιό-

108 1792 190 1863 λιος.
227 1789 328 1851 πάλιν
352 1789 505 1854 δεδόσθω
527 1788 545 1854 6
569 1775 602 1854 λ·
624 1789 747 1854 τούτου
766 1788 783 1853 6
803 1788 1125 1873 ὑποδιπλασιεῳὴμι-

109 1911 171 1970 σας
190 1892 208 1958 6
226 1879 277 1977 ᾧ,
300 1895 421 1960 τούτου
441 1895 458 1960 6
477 1895 629 1979 ἡμιόλιος
646 1895 664 1961 6
683 1900 731 1980 ῐὴ·
750 1903 871 1961 τοῦτον
888 1899 1007 1980 τίθημι
1025 1899 1122 1980 μείζω
1139 1917 1164 1956 15

107 2002 202 2086 ὅρον,
230 2002 290 2066 τὸν
319 1998 356 2066 δέ
384 2004 503 2068 λοιπὸν
525 2004 585 2067 τὸν
609 1989 645 2086 ιβ
668 2001 808 2087 ἐλάσσω,
835 2000 891 2068 καὶ
918 2005 1048 2085 γίνεταί
1067 2026 1125 2088 μοι

109 2110 149 2173 τὸ
172 2106 382 2195 προβληθέν·
406 2107 461 2174 καλ
485 2107 538 2174 ἐπὶ
561 2109 696 2175 πάντων
720 2109 738 2175 6
762 2110 862 2187 αὐτὸς
883 2114 991 2194 λόγος.

176 2216 222 2279 Εἰ
250 2212 287 2280 δέ
318 2215 571 2300 ἐπιταττοίμεθα
603 2217 746 2298 διαιρεῖν
776 2215 813 2281 ἐν
842 2216 994 2302 ἐπιτρίτῳ
1025 2219 1124 2303 λόγῳ,

107 2323 164 2386 δεῖ
189 2321 371 2406 λαμβάνειν
393 2325 453 2388 τὸν
476 2330 537 2387 τοῦ
565 2323 646 2388 ὅλου
675 2324 1046 2406 ὑποδιπλασιεπίτριτον
1069 2321 1124 2388 καλ

105 2430 230 2494 τούτου
259 2424 359 2505 αὖθις
386 2430 445 2494 τὸν
474 2429 656 2511 ἐπίτριτον,
687 2429 743 2495 καὶ
770 2438 892 2494 τοῦτον
915 2431 1012 2512 μείζω
1041 2429 1123 2510 ὅρον
1137 2451 1164 2491 ει

106 2533 241 2600 τιθέναι
264 2532 319 2599 καὶ
341 2536 403 2618 τὴν
422 2535 593 2620 ἀποτομὴν
613 2535 748 2619 ἐλάττω,
770 2533 825 2599 καλ
843 2536 970 2617 γίνεται
988 2535 1025 2599 τὸ
1044 2537 1123 2615 πρό-

106 2645 246 2726 βλημα·
267 2634 341 2707 οἷον
364 2643 447 2707 ἐστω
468 2641 486 2707 6
504 2647 561 2725 εἴη·
580 2651 701 2708 τοῦτον
721 2642 959 2724 ἐπιταττόμεθα
979 2642 1123 2724 διαιρεῖν

107 2751 156 2826 εἰς
180 2749 241 2814 δύο
265 2747 433 2833 ἀριθμοὺς
456 2749 492 2814 ἐν
516 2747 669 2838 ἐπιτρίτῳ
692 2752 794 2838 λόγῳ
818 2747 976 2830 λαμβάνω
999 2747 1122 2812 τούτου

105 2857 167 2921 τὸν
194 2856 566 2938 ὑποδιπλασιεπίτριτον
593 2853 649 2921 καὶ
678 2859 768 2921 ἐστιν
791 2855 809 2920 6
837 2840 889 2938 ιβ,
917 2851 973 2919 καὶ
999 2854 1122 2920 τούτου

106 2957 210 3039 αὖθις
240 2963 300 3027 τὸν
328 2961 495 3045 ἐπίτριτον
521 2960 577 3026 καὶ
610 2965 701 3027 ἐστιν
729 2962 746 3027 6
774 2965 819 3031 ῖς·
851 2969 973 3026 τοῦτον
1005 2963 1123 3045 τίθημι
1137 2983 1164 3024 ει

106 3074 205 3155 μείζω
226 3071 318 3153 ὅρον,
337 3069 399 3152 τὴν
414 3065 450 3134 δὲ
470 3068 651 3152 άποτομὴν,
672 3071 829 3152 δηλονότι
848 3070 906 3133 τὸν
917 3051 965 3152 ιβ,
985 3067 1120 3133 ἐλάττω·

106 3175 164 3242 καὶ
186 3180 317 3260 γίνεταί
337 3199 394 3260 μοι
417 3177 454 3240 τὸ
477 3175 680 3259 προβληθέν.

174 3286 219 3349 Et
241 3280 278 3348 δέ
300 3283 566 3366 ὑποταττοίμεθα
586 3284 729 3367 διαιρεῖν
748 3281 785 3347 ἐν
804 3280 1001 3369 ἐπιτετάρτῳ
1021 3284 1122 3369 λόγῳ,

107 3391 162 3456 δεῖ
191 3390 375 3474 λαμβάνειν
406 3390 467 3455 τὸν
498 3397 559 3454 τοῦ
591 3388 674 3454 ὅλου
708 3387 1122 3473 ὑποδιπλασιεπιτέταρτον

105 3496 161 3562 παλ
183 3498 307 3562 τούτου
330 3489 431 3572 αὖθις
453 3496 512 3560 τὸν
531 3495 754 3583 ἐπιτέταρτον,
777 3494 833 3560 καὶ
850 3505 971 3562 τοῦτον
989 3494 1121 3560 τιθέναι
1137 3518 1165 3558 ω

107 3604 189 3688 ὅρον
218 3607 366 3688 μείζονα,
394 3603 453 3668 τὸν
478 3598 514 3666 δέ
543 3602 662 3667 λοιπὸν
685 3601 823 3685 ἐλάττω,
851 3599 906 3666 καλ
933 3599 1060 3684 γίνεται
1082 3604 1120 3668 τὸ
