2570 3988
477 216 755 270 PROLEGOMENA.
1059 205 1126 263 XIII

109 379 231 442 nullius
260 382 311 442 est
339 376 495 441 momenti
522 378 730 442 notissimum
757 377 836 442 illud
865 377 903 441 dc
930 377 998 441 vita
1023 377 1123 441 arith·

110 485 220 550 metici
240 483 302 549 viri
322 484 522 568 epigramma
541 481 640 568 (infra
659 508 689 569 p.
705 483 772 568 60),
790 483 842 549 cui
856 484 952 547 fidem
966 487 1121 568 tanquam

109 591 265 656 historico
289 590 477 655 testimonio
501 591 558 656 alii
578 591 717 655 libenter
735 591 893 672 tribuunt,
917 589 971 653 alii
990 611 1122 673 prorsus

110 699 281 783 abrogant.

178 805 207 870 6.
231 805 280 869 De
312 805 424 888 paucis
455 805 521 870 illis
550 805 681 870 scholiis
709 805 742 868 in
771 803 985 869 Iamblichum
1013 800 1122 888 (infra,

110 935 141 996 p.
167 911 224 997 72)
257 933 338 995 quac
372 933 391 975 a
417 913 540 976 recenti
568 911 758 976 Pistclliana
786 910 927 976 editione
954 912 1122 978 mutuatus

112 1040 197 1102 sum,
229 1017 291 1082 hoc
318 1021 445 1083 tantum
473 1018 626 1083 monebo:
660 1019 851 1083 scholiastes
880 1018 1030 1101 eundem,
1060 1039 1123 1101 quo

110 1123 237 1188 Psellus
262 1145 340 1188 usus
364 1129 427 1211 est,
455 1125 596 1189 codicem
620 1125 810 1209 cognovisse
836 1125 961 1189 videtur
978 1129 1017 1189 et
1040 1125 1124 1189 anti·

110 1253 212 1314 quum
240 1233 507 1295 commentarium
534 1229 749 1318 (Hypatiael)
778 1253 798 1294 a
824 1235 914 1295 textu
942 1230 1029 1295 haud
1054 1253 1124 1313 per-

111 1337 222 1421 spicue
245 1337 430 1402 distinctum
449 1341 486 1402 ut
505 1359 637 1423 operam
652 1337 832 1420 Diophanti
851 1338 901 1402 bis
922 1338 1122 1402 indicavisse.

180 1445 208 1507 7.
231 1442 390 1508 Ultimum
405 1443 623 1528 fragmentum
638 1441 706 1530 (pp.
718 1441 863 1531 73-77)
878 1443 1122 1508 eNicomacheo

110 1549 218 1614 codice
245 1551 390 1614 Parisino
410 1551 497 1614 2372
515 1548 613 1636 (saec.
632 1547 709 1636 XV)
734 1550 931 1636 deprompsi,
955 1545 1123 1616 utcontra

112 1657 315 1721 ostenderem
326 1679 393 1740 ‘quo
409 1657 504 1722 modo
515 1657 718 1741 Byzantinus
733 1658 864 1741 quidam
880 1658 959 1722 satis
971 1658 1123 1740 eruditus,

111 1763 282 1848 Pselloque
302 1764 437 1828 forsitan
459 1767 565 1829 aetate
581 1786 709 1848 suppar,
728 1765 767 1828 de
781 1763 968 1849 Diophanto
983 1765 1124 1830 inaniter

113 1869 239 1934 locutus
269 1870 324 1952 sit3
355 1893 472 1936 nomeu
502 1871 638 1953 audivit,
666 1873 704 1936 de
732 1872 886 1936 tredecim
913 1871 1006 1936 libris
1035 1872 1123 1936 illius

112 1977 256 2040 auctoris
289 1977 486 2042 mentionem
516 1977 633 2060 iniicit,
666 1978 722 2042 sed
750 2001 832 2063 quac
859 1979 1063 2060 problemata
1089 1977 1124 2042 in

111 2082 178 2145 illis
202 2083 296 2147 libris
315 2088 455 2149 tractata
473 2083 603 2169 fuerint,
627 2107 759 2168 prorsus
778 2087 908 2169 ignorat
926 2082 971 2170 (p.
987 2086 1037 2168 73,
1057 2080 1124 2171 25).

110 2187 177 2253 Nec
210 2189 291 2254 alias
324 2194 456 2275 propter
488 2213 601 2256 causas
637 2192 733 2256 breve
761 2192 841 2256 illud
870 2192 1123 2276 prolegomenon

110 2295 268 2360 ineditum
291 2297 522 2382 negligendum
546 2297 657 2362 forsan
681 2298 852 2362 videbitur.

585 2476 644 2541 ΙΙΙ.

179 2600 206 2662 1.
231 2597 326 2662 Nunc
349 2600 389 2664 ad
412 2599 527 2665 scholia
551 2606 680 2665 transeo
705 2622 786 2684 quae
809 2601 934 2684 publici
954 2601 1033 2664 iuris
1053 2601 1124 2665 feci.

111 2701 149 2766 In
181 2701 341 2768 Vaticano
379 2727 425 2789 gr.
458 2708 520 2772 116
554 2703 650 2794 (saec.
677 2705 770 2792 XVI)
802 2709 877 2790 post
913 2709 1035 2790 Σχόλια
1066 2716 1124 2790 τῆς

109 2807 330 2892 ἀριθμητικῆς
350 2813 547 2895 Διοφάντου
565 2822 626 2877 τοῦ
645 2813 828 2896 Πλανούὸη
846 2823 951 2897 τυροῦ
965 2812 1124 2898 Μαξίμου

111 2915 175 2979 alia
198 2916 307 2980 inveni
327 2919 387 2982 sub
406 2920 535 2984 rubrica
554 2918 587 2998 ἐξ
606 2918 720 3004 ἑτέρου
739 2942 821 3004 quae
840 2920 1013 2985 Planudeis
1033 2944 1124 3005 prae-

110 3023 213 3106 posui.
259 3021 355 3086 Haud
384 3023 437 3088 diu
465 3047 516 3088 me
543 3027 640 3091 latuit
669 3032 795 3111 auct0r3
821 3049 899 3091 nam
923 3027 1047 3094 decimo
1071 3029 1125 3093 ab·

111 3129 188 3195 hinc
221 3151 320 3214 anno,
353 3131 459 3214 operis
492 3130 625 3216 Georgii
657 3133 890 3216 Pachymerae,
924 3134 976 3199 cui
1008 3135 1124 3200 titulus

110 3237 293 3321 Σύντάγμα
311 3248 380 3301 τῶν
397 3238 568 3323 τεσσάρων
590 3241 796 3324 μαθημάτων
816 3242 865 3305 vel
889 3241 1125 3326 Τετράβιβλον,

109 3347 219 3427 partes
243 3343 414 3430 ineditas¹)
438 3347 503 3409 iarn
529 3345 773 3432 descripseram,
797 3348 957 3431 facileque
980 3349 1125 3432 capitula

181 3504 207 3571 1)
226 3501 365 3556 Musicam
391 3504 559 3572 partemque
582 3504 718 3572 prooemii
740 3504 871 3559 mutilam
894 3503 986 3559 edidit
1008 3503 1124 3559 Carolus

107 3589 242 3661 Vincent,
266 3591 315 3659 qui
334 3591 525 3647 Parisinorum
549 3592 676 3648 codicum
699 3594 832 3649 notitiam
855 3594 935 3648 dedit
960 3594 1082 3663 (Notc'cec
1100 3599 1125 3648 et
