2578 3984
180 191 245 255 110
420 190 671 246 PACHYMERAE
690 191 949 248 PARAPHRASIS.

177 356 299 420 τούτου
321 356 432 422 ab&
445 359 488 438 κβ
510 352 566 420 καὶ
589 355 694 433 εὐθὺς
717 359 844 438 γίνεται
867 357 905 420 τὸ
929 354 1122 441 ἐπιταχθέν·
1153 363 1197 443 κβ

176 463 240 546 γάρ
263 460 319 528 καὶ
341 447 378 547 β,
393 464 450 527 κθ·
477 461 533 527 καὶ
560 463 580 546 ἡ
608 462 753 547 ὑπεροχὴ
781 471 842 527 τοῦ
866 461 940 540 ἑνὸς
963 462 1086 548 μέρους
1112 467 1196 546 πρὸς

176 570 213 633 τὸ
247 570 429 653 λοιπόν,κ
437 568 495 635 ’ὁ
523 571 586 653 γάρ
614 573 656 653 κβ
683 570 767 654 πρὸς
793 570 853 634 τὸν
877 554 900 653 β
925 570 1094 655 ὑπεροχὴν
1128 573 1195 655 ἔχει

176 677 235 741 τὸν
257 696 292 741 κ·
321 676 562 760 ἐπιταττόμεθα
588 677 651 760 γάρ
679 675 838 752 πολλάκις
865 676 1033 756 εὑρίσκειν
1055 675 1193 754 καὶτὰς

150 784 259 868 τπρὸς
285 785 412 867 άλληλα
439 794 507 848 τῶν
535 794 645 868 μερῶν
673 782 853 868 ὑπεροχάς,
882 782 923 846 οὐ
953 783 1019 866 μὴν
1044 780 1081 847 δὲ
1110 782 1194 849 ἀλλὰ

175 887 229 954 καὶ
261 893 341 967 τοὺς
371 891 455 971 πρὸς
484 890 610 972 άλληλα
640 891 775 971 λόγους,
808 888 853 965 ὡς
882 888 1030 954 ἐνταῦθά
1058 888 1192 957 ἐστινὸ

176 994 447 1073 εὐδεκαπλάσιος·
472 996 490 1061 ὁ
514 997 576 1080 γάρ
600 981 642 1080 κβ
665 1004 726 1061 τοῦ
746 980 770 1077 β
794 992 1060 1071 ἕνθεκαπλάσιος.

239 1098 315 1168 Ἐάν
335 1100 371 1168 δέ
395 1103 458 1168 άπὸ
482 1111 542 1168 τοῦ
566 1106 716 1186 μείζονος
738 1101 916 1187 ἀρξώμεθα
940 1100 977 1167 ἐν
994 1111 1033 1188 τῇ
1053 1102 1191 1188 τοιαύτῃ

175 1209 311 1296 ἐπιταγῇ
338 1218 399 1275 τοῦ
425 1233 461 1275 τε
489 1209 637 1295 ἀριθμοῦ
661 1234 681 1294 ρ
709 1207 764 1273 καὶ
791 1219 858 1273 τῶν
886 1219 997 1293 μερῶν
1026 1207 1192 1294 ἑκατέρων

134 1343 160 1382 10
173 1325 235 1382 τοῦ
257 1340 292 1381 τε
316 1326 363 1384 ε·ου
386 1314 441 1381 καὶ
466 1316 515 1379 6⁰⁰
537 1313 593 1380 καὶ
616 1324 674 1398 τῆς
696 1314 888 1392 συνθέσεως
911 1315 1023 1380 αὐτῶν
1046 1326 1107 1382 τοῦ
1130 1301 1192 1402 καί,

174 1425 218 1500 ὡς
241 1418 327 1490 εἶναι
345 1421 401 1488 καὶ
419 1424 480 1507 τὴν
498 1423 668 1507 ὑπεροχὴν
687 1422 798 1487 αὐτῶν
817 1423 876 1487 τὸν
893 1428 914 1487 ι“ι
932 1420 987 1488 καὶ
1008 1424 1068 1488 τὸν
1087 1426 1191 1507 λόγον

172 1532 231 1596 τὸν
261 1528 538 1611 ἑνδεκαπλάσιου,
570 1529 631 1594 οὐκ
662 1529 911 1612 εὐοδωθήσεται
938 1530 976 1593 τὸ
1004 1532 1189 1615 πρόβλημα.

173 1641 256 1702 ἔστω
284 1644 369 1720 γοῦν
396 1647 530 1718 πρῶτον
558 1636 576 1703 ὁ
603 1635 667 1701 άπὸ
695 1635 843 1721 μονάδος
869 1637 1107 1718 τετραπλάσιος
1133 1636 1190 1703 καὶ

173 1747 264 1808 ἐστιν
292 1742 310 1809 ὁ
339 1745 360 1807 ὃ
386 1751 447 1807 τοῦ
476 1752 513 1806 ᾶ·
543 1742 833 1827 ἐναπελειφθησαν
855 1744 895 1807 τά
925 1742 1018 1811 ιις’
1002 1766 1037 1807 εκ
1059 1755 1128 1808 των
1152 1765 1189 1826 ρ

132 1873 159 1914 15
174 1855 255 1935 ζητῶ
282 1851 412 1916 τούτων
435 1851 544 1918 τὸςο
567 1849 622 1915 καὶ
650 1848 782 1915 έστιυὸ
812 1853 860 1917 ῖς
890 1855 1040 1914 συντιθῶ
1068 1858 1188 1916 τοῦτον

170 1965 217 2045 τῷ
250 1966 271 2023 ᾶ
303 1954 357 2022 καὶ
389 1960 541 2040 γίνονται
573 1961 603 2035 ιζ
633 1954 688 2021 καί
719 1957 795 2021 οὔτε
822 1955 842 2038 ἡ
872 1955 1086 2041 ἐπιταχθεῖσα
1119 1967 1186 2022 τῶν

171 2075 282 2149 μερῶν
310 2065 471 2141 σύνθεσις
497 2067 640 2148 γίνεται,
668 2059 742 2129 ἀλλ’
764 2060 844 2130 οὐδὲ
870 2063 891 2146 ἡ
920 2063 1081 2148 ὑπεροχή,
1110 2062 1184 2130 ἀλλ’

172 2168 245 2236 οὐδ’
268 2171 286 2236 ὁ
310 2172 418 2254 λόγος.
972 2151 977 2161 ’

237 2302 291 2362 μα.
323 2279 488 2344 Δίδυνται
510 2279 669 2355 πολλάκις
691 2276 745 2344 καί
770 2275 909 2362 ἀριθμοὶ
929 2279 991 2342 δύο
1011 2277 1100 2362 παρὰ
1118 2287 1185 2342 τῶν

131 2407 158 2446 ιο
172 2383 411 2451 έπιταττόντων
431 2386 519 2469 πλὴν
544 2385 605 2469 οὐχ
630 2386 666 2449 οί
684 2387 851 2470 τυχόντες,
875 2381 946 2449 ἀλλ’
966 2383 1003 2449 ἐν
1026 2383 1186 2470 ἐπιστήμῃ

169 2501 230 2557 τοῦ
254 2492 483 2569 ἐπιτάττοντος
505 2500 566 2557 τοῦ
589 2503 711 2577 χωρεῖν
734 2493 775 2556 τά
798 2492 1034 2575 ἐπιταττόμενα
1058 2489 1094 2555 ἐν
1117 2502 1188 2567 τοῖς

170 2598 328 2685 ἀριθμοῖς
351 2598 491 2675 ἐκείνοις
515 2593 563 2664 ὧν
585 2597 661 2684 πέρι
680 2600 830 2682 λέγουσι·
856 2599 1082 2683 λαμβάνονται
1101 2607 1186 2680 γοῦν

170 2707 232 2771 δύο
265 2704 404 2793 ἀριθμοὶ
440 2703 495 2771 καὶ
532 2705 772 2789 ἐπιταττόμεθα
804 2704 863 2770 ἕνα
898 2703 953 2769 καὶ
985 2706 1045 2769 τὸν
1082 2705 1187 2770 αὐτὸν

169 2811 318 2898 άριθμὸυ
353 2818 554 2898 προσθεῖναι
590 2811 646 2877 καὶ
686 2811 886 2898 ἀμφοτέροις
926 2810 982 2877 καὶ
1023 2821 1186 2896 συστῆσαι

129 2939 156 2980 ισ
169 2918 417 2984 πολλαπλάσιον
449 2921 552 3001 λόγου
584 2919 625 2984 ὃν
663 2918 900 3005 ἐπιταττόμεθα
938 2927 998 2983 τοῦ
1035 2922 1186 3003 μείζονος

169 3027 233 3090 σὺν
263 3034 303 3110 τῇ
333 3024 515 3110 προσθέσει
544 3027 628 3110 πρὸς
657 3027 716 3091 τὸν
748 3026 905 3091 ἐλάττονα
936 3027 1000 3090 σὺν
1029 3033 1068 3110 τῇ
1101 3026 1185 3112 αὐτῇ

167 3129 364 3215 προσθέσει,
392 3130 413 3216 ἢ
442 3132 618 3198 διπλάσιον
648 3134 805 3217 δηλονότι
827 3131 847 3216 ἢ
871 3132 1067 3218 τριπλάσιον
1090 3131 1111 3216 ἢ
1135 3156 1184 3199 τε·

168 3238 372 3323 τριπλάσιον
399 3236 453 3304 καί
481 3238 611 3323 ἐφεξῆς·
644 3238 720 3323 περὶ
748 3241 811 3327 γάρ
839 3250 907 3304 τῶν
934 3240 1044 3304 άλλων
1073 3241 1184 3322 λόγων
1276 3279 1278 3320 ,ι

167 3346 309 3410 κατὰτὸ
333 3347 440 3431 παρὸν
465 3346 507 3410 οὐ
530 3345 659 3433 ῥητέον,
683 3347 768 3413 ὅπου
792 3370 829 3430 γε
851 3344 908 3412 καὶ
930 3346 1072 3424 τούτους
1089 3353 1182 3412 πυθ-

238 3579 255 3626 4
273 3572 314 3630 cf.
333 3573 434 3645 Dioph.
454 3574 544 3644 probl.
559 3575 580 3643 I,
596 3581 621 3629 6.
694 3580 728 3629 23
747 3573 848 3646 Dioph.
868 3575 959 3645 probl,
977 3575 996 3643 J,
1012 3578 1037 3630 8.
