2570 3988
328 170 563 227 DIOPHANTUS
582 171 936 228 PSEUDEPIGRAPHUS.
1101 173 1141 238 19

122 331 244 419 ἑκάστη
258 336 385 420 πλευρά
399 337 431 400 ῐ·
450 335 560 420 εὑρεῖν
574 334 679 401 αὐτοῦ
694 337 731 401 τὸ
746 334 902 419 ἐμβαδόν.
925 347 1009 402 ποιῶ
1024 337 1142 415 οὕτως·

121 441 162 506 τά
188 441 203 505 ῖ
228 438 281 526 ἐφ’
305 440 417 523 ἑαυτά,
440 445 592 525 γίνονται
611 449 644 524 ῥ’
668 439 723 506 καὶ
741 444 782 507 τά
799 446 821 528 ρ
840 441 892 508 ἐπὶ
911 446 967 528 γἰγ,
990 447 1142 527 γίνονται

121 536 185 636 Ῑδτ·
211 543 258 613 ὧν
280 549 318 613 τὸ
344 545 398 631 ιβ’,
421 551 484 628 τ’νῖγ
505 545 549 631 γ’·
572 557 735 614 τοσοῦτον
758 551 850 614 ἔσται
872 551 910 615 τὸ
934 550 1090 634 ἐμβαδόν.

47 665 108 714 1ου.
181 653 289 719 Ἔστω
314 655 506 738 ὀκτάγωνον
529 656 730 740 ἰσόπλευρόν
752 678 788 721 τε
809 653 866 722 καὶ
885 657 1074 740 ἰσογώνιον,
1099 653 1141 723 οὑ

122 759 243 844 ἑκάστη
257 763 384 846 πλευρά
397 764 429 826 i·
444 761 555 844 εὑρεῖν
569 761 724 827 αὐτοῦτὸ
740 761 896 848 ἐμβαδόν.
922 773 1007 828 ποιῶ
1022 764 1140 840 οὕτως’
1168 784 1181 825 5

120 869 163 932 τδι
185 872 203 934 Z
227 863 281 950 ἐφ’
308 867 419 950 ἑαυτά,
443 869 595 951 γίνονται
619 875 652 951 ρ·
679 877 780 934 ταῦτα
804 868 858 935 ἐπὶ
880 870 920 935 τδι
942 855 1004 954 κὺ,
1028 873 1141 953 γίνον-

120 997 176 1040 ται
201 961 284 1062 ,ηδ-Ἃ·
307 977 437 1041 τούτων
459 985 544 1040 ποιῶ
563 974 704 1041 πάντοτε
722 978 760 1042 τὸ
780 975 820 1060 ς’,
844 977 996 1059 γίνονται
1013 979 1081 1058 &sy
1094 976 1139 1060 γ’·

120 1090 285 1146 τοσοῦτον
309 1082 400 1146 ἔσται
422 1082 460 1146 τὸ
485 1079 631 1166 ἐμβαδὸν
653 1073 938 1165 ποῦ’ὀκταγώνου.

86 1194 107 1248 b
188 1187 314 1273 Εὑρεῖν
348 1184 385 1252 δὲ
416 1185 473 1252 καὶ
503 1196 563 1252 τοῦ
596 1186 888 1274 περιγραφομένου
922 1188 1047 1253 κύκλου
1079 1189 1141 1273 τὴν

120 1295 314 1380 διάμετρον·
338 1296 430 1359 ἔσται
447 1295 548 1370 πόδες
569 1297 609 1363 i&
628 1346 635 1359 .
651 1345 658 1359 .
673 1344 681 1360 .
697 1315 717 1359 .·
740 1306 825 1360 ποιῶ
845 1291 882 1360 δὲ
902 1294 1019 1372 οὑτως·
1042 1296 1082 1360 τά
1100 1301 1141 1364 κζ
1155 1320 1181 1359 ιο

120 1403 286 1484 πεντάκις,
305 1404 458 1484 γίνονται
469 1387 529 1486 ρῖ·
550 1395 598 1466 ὧν
616 1404 654 1468 τὸ
673 1399 727 1486 ιγ’,
745 1407 777 1467 ῖ·
796 1412 958 1468 τοσοῦτον
975 1401 996 1486 ἡ
1013 1404 1140 1488 πλευρά

122 1506 242 1591 ἑκάστη
266 1515 328 1571 τοῦ
351 1507 552 1590 ὀκταγώνου.

87 1638 102 1676 ο
185 1609 263 1679 Ἐδιν
283 1611 320 1679 δὲ
339 1615 386 1691 εἰς
403 1616 613 1700 τετράγωνον
631 1614 736 1700 θὲλης
754 1614 919 1701 ἐγγράψαι
936 1615 1139 1700 ὀκτάγωνον,

119 1721 180 1788 ἐάν
199 1725 257 1807 ἔχη
271 1721 292 1804 ἡ
306 1723 433 1806 πλευρά
446 1730 507 1786 τοῦ
522 1722 733 1807 τετραγώνου
747 1707 799 1806 κδ,
817 1724 958 1800 τούτους
975 1723 1138 1805 πεντάκις,

117 1832 273 1912 γίνονται
291 1832 347 1913 ραι·
367 1822 415 1893 ὧν
435 1828 472 1893 τὸ
493 1824 555 1912 ιβ’,
578 1830 729 1911 γίνονται
747 1830 778 1892 ῐ·
796 1838 959 1894 τοσοῦτον
977 1829 1139 1916 ἡπλευρδι
1154 1852 1180 1892 15

117 1944 180 2000 τοῦ
203 1934 406 2017 όκταγώνου.

41 2054 103 2104 14η
176 2040 285 2107 Ἔστω
310 2039 503 2123 ἐννάγωνον
527 2042 727 2126 ἰσόπλευρόν
750 2064 785 2106 τε
809 2039 865 2106 καὶ
884 2042 1074 2125 ἰσογώνιον,
1096 2037 1138 2106 οὗ

117 2145 237 2231 ἑκάστη
269 2149 396 2232 πῖευρδι
427 2149 459 2211 ῖ·
497 2146 608 2232 εὑρεῖν
644 2147 748 2212 αὑτοῦ
780 2149 818 2214 τὸ
850 2141 1006 2232 ἐμβαδόν.
1052 2160 1137 2214 ποιῶ

117 2255 236 2332 οὑτως·
259 2254 299 2318 τά
321 2256 340 2319 ῖ
364 2248 416 2338 ἐφ’
444 2251 555 2337 ἑαυτά,
577 2255 731 2337 γίνονται
754 2274 790 2340 ρ·
813 2263 917 2319 ταῦτα
939 2253 994 2321 ἐπὶ
1016 2257 1057 2321 τδι
1080 2260 1135 2338 Va,

115 2363 268 2445 γίνονται
291 2363 352 2448 ἶρ·
374 2361 503 2425 τούτων
526 2362 563 2426 τὸ
587 2357 630 2444 η’,
652 2363 806 2444 γίνονται
827 2347 886 2447 χ-ῖξ
899 2358 944 2437 L'·
971 2373 1134 2428 τοσοῦτον
1149 2386 1175 2426 εο

116 2470 209 2532 ἔσται
232 2468 269 2532 τὸ
293 2467 450 2552 ἐμβαδόν.

82 2585 102 2639 b
183 2574 308 2660 Εὑρεῖν
341 2571 378 2639 δδ
409 2571 464 2639 καὶ
498 2583 560 2639 τοῦ
591 2572 884 2660 περιγραφομένου
915 2575 1041 2639 κύκλου
1074 2577 1136 2659 τὴν

117 2680 305 2766 διάμετρον.
343 2683 434 2745 ἔσται
451 2681 552 2758 πόδες
570 2665 604 2745 I·
626 2692 711 2747 ποιῶ
731 2681 847 2757 οὑτως·
868 2679 986 2763 ἑκάστη
1006 2684 1134 2764 πλευρά

116 2789 183 2871 ἔχει
205 2790 235 2851 ῖ·
260 2786 281 2870 ἡ
306 2783 342 2853 δὲ
366 2787 541 2873 διάμετρος
568 2789 781 2873 τριπλάσιον,
808 2791 961 2871 γίνονται
983 2789 1084 2865 πόδες
1106 2775 1135 2853 λ’.

43 2911 103 2962 ισο
175 2892 284 2960 Ἔστω
319 2894 510 2978 δεκάγυνον
543 2895 743 2980 ἰσόπλευρον
773 2892 830 2960 καὶ
862 2895 1061 2979 ἰσογώνιον,
1094 2889 1135 2961 οὑ
1150 2917 1175 2957 νε

115 2999 235 3084 ἑκάστη
266 3003 392 3086 πλευρὰ
424 3002 524 3078 πόδες
554 3004 585 3065 ῖ·
623 3002 735 3088 εὑρεῖν
772 3001 878 3068 αὐτοῦ
909 3002 946 3066 τὸ
979 3000 1134 3087 ἐμβαδόν.

116 3309 167 3358 102
189 3238 253 3358 1832.
278 3230 450 3299 Geom.102,
466 3235 491 3285 6.
509 3260 545 3270 -
565 3235 629 3286 14ο.
653 3229 832 3299 Geom.102‚
849 3234 873 3288 7.
893 3263 926 3272 —
947 3235 1013 3286 lba,
1037 3231 1133 3285 (ἔσοιο.

170 3347 186 3374 ,.
211 3346 218 3359 .

187 3485 203 3534 8
223 3480 398 3552 όκταγώνου]
419 3481 566 3535 διακονίον
580 3478 613 3535 Α,
652 3485 685 3536 10
704 3479 847 3534 Lacunam
862 3479 959 3536 statui.
998 3485 1030 3533 12
1050 3477 1134 3533 ὀκτα-

113 3552 219 3625 γώνου]
238 3552 375 3624 τριγώνου
393 3550 426 3605 Α.
483 3556 515 3606 13
535 3550 630 3614 θέλεις
647 3551 679 3606 A.
735 3556 770 3604 14
788 3549 846 3622 ἔχει
864 3553 896 3607 A.

936 3639 973 3693 ᾖ*
