2578 3984
23 3724 92 3738 Λ

159 225 201 290 86
402 223 652 279 PACHYMERAE
670 223 929 280 PARAPHRASIS.

158 387 305 472 ἀριθμὸν
329 387 473 471 διαιρεῖν
498 386 534 452 ἐν
557 389 645 474 λόγῳ
669 386 690 470 ἢ
715 388 877 475 διπλασίῳ
901 385 921 470 ἢ
945 390 1126 475 τριπλασίῳ
1151 386 1173 471 ἣ

158 495 406 580 δποσαπλασίῳ,
429 493 485 558 ίνα
505 495 574 578 ἐχοι
592 496 630 560 τὸ
649 492 749 578 μέρος
766 503 828 559 τοῦ
846 492 968 577 μέρους
985 495 1045 558 τὸν
1064 503 1175 560 τοιοῦ-

156 625 217 667 τον
244 603 356 684 λόγον.
394 602 447 665 δεῖ
468 595 541 682 οὖν,
570 602 601 665 εί
627 599 663 665 ἐν
687 602 849 686 διπλασίῳ
878 603 965 687 λόγῳ
993 599 1175 666 ἐπιταττοί-

158 714 245 792 μεθα
270 709 424 791 διαιρεῖν,
447 707 629 790 λαμβάνειν
648 710 707 773 τὸν
725 718 786 773 τοῦ
805 709 886 772 ὅλου
908 707 1173 791 ὑποτριπλάσιον

131 813 212 880 ικαὶ
235 817 294 881 τὸν
314 823 471 880 τοιοῦτον
491 814 621 880 τιθέναι
640 815 769 880 ἐλάσσω
793 816 885 898 ὅρον,
910 809 951 880 οὗ
974 816 1033 880 τὸν
1058 816 1175 880 διπλά-

157 939 233 988 σιον
261 922 488 1006 λαμβάνομεν,
520 924 580 988 τὸν
608 923 726 988 λοιπὸν
754 923 911 1005 δηλονότι
947 925 1045 1006 μείζω
1078 921 1172 1006 ὅρον,

156 1027 211 1094 καὶ
238 1029 275 1094 τὸ
303 1031 479 1113 πρόβλημα
507 1032 643 1112 γίνεται.
690 1021 763 1094 οἷον
793 1030 824 1092 εί
853 1027 1084 1112 ἐπιταχθῶμεν
1108 1030 1175 1094 δῖε-

157 1141 229 1199 λεῖν
256 1133 293 1200 ἐν
321 1136 512 1201 διπλασίονι
539 1139 628 1223 λόγῳ
655 1136 716 1201 τὸν
744 1137 786 1201 κδ
816 1135 978 1220 ἀριθμόν,
1013 1138 1175 1220 ζητοῦμεν

156 1243 216 1308 τὸν
246 1241 510 1326 ὑποτριπλάσιον
542 1242 647 1307 αὐτοῦ
679 1240 734 1307 καὶ
767 1245 858 1308 ἔστιν
888 1241 905 1308 6
933 1251 968 1326 ἦ·
999 1243 1121 1308 τούτου
1155 1242 1173 1308 6

117 1374 142 1414 ω
158 1348 340 1432 διπλάσιος,
364 1350 520 1432 δηλονότι
544 1349 562 1414 6
586 1350 701 1426 λοιπὸς
725 1348 742 1415 6
768 1352 816 1432 ιξ,
840 1351 960 1433 μείζων
983 1349 1062 1435 ὅρος
1084 1352 1174 1432 γίνε-

155 1479 220 1538 ται,
242 1453 298 1521 καλ
322 1455 571 1540 ἀναπληροῦται
598 1457 636 1522 τὸ
664 1458 851 1540 πρόβλημα·
881 1455 898 1522 6
924 1457 987 1540 γὰρ
1012 1459 1045 1525 ἴς
1067 1465 1128 1522 τοῦ
1150 1466 1174 1540 ῆ

157 1563 344 1644 διπλάσιος,
372 1560 430 1627 παλ
455 1567 490 1630 ιζ·
513 1562 568 1628 καὶ
591 1550 692 1647 ῇ,άδ.

223 1671 267 1733 Ec
294 1666 330 1733 δὲ
360 1668 395 1734 ἐν
418 1673 628 1754 τριπλασίονι
657 1672 745 1758 λόγῳ
770 1669 1024 1754 ἐπιταττοίμεθα
1048 1671 1173 1735 διελεῖν

155 1777 215 1840 τὸν
239 1774 385 1841 δοθέντα
412 1776 575 1861 ἀριθμόν,
604 1778 657 1841 δεῖ
681 1780 798 1860 λαβεῖν
820 1778 879 1843 τὸν
902 1784 963 1841 τοῦ
986 1776 1068 1840 ὅλον
1091 1775 1172 1841 ὑπο-

116 1907 141 1947 15
155 1882 395 1963 τετραπλάσιον
413 1881 469 1947 καὶ
491 1891 627 1967 ποιῆσαι
649 1892 770 1948 τοῦτον
790 1883 917 1948 ἐλάσσω
937 1883 1019 1966 ὅρον
1037 1881 1093 1947 καὶ
1112 1885 1170 1948 τὸν

155 1989 274 2053 λοιπὸν
296 1992 409 2073 μείζω,
436 1986 492 2053 καλ
518 1992 646 2072 γίνεται
675 1991 713 2056 τὸ
737 1988 941 2077 προβληθέν.
985 1982 1059 2055 οἷον
1087 1993 1169 2054 ἔστω

156 2094 173 2159 6
198 2095 214 2174 ξ
238 2094 278 2159 ὃν
300 2097 354 2160 δεῖ
374 2096 508 2179 διελεῖν,
528 2096 685 2181 λαμβάνω
704 2098 826 2162 τούτου
847 2098 907 2161 τὸν
925 2097 1171 2181 ὑποτετραπλα-

156 2204 253 2267 σιόνα
275 2200 331 2267 καὶ
354 2204 445 2267 ἐστιν
468 2203 486 2268 6
508 2205 555 2269 ἴε·
586 2213 708 2269 τοῦτον
729 2210 814 2269 τιθῶ
839 2204 921 2288 ὅρον
945 2203 1083 2283 ἐλάττω,
1111 2204 1170 2269 τὸν

156 2303 193 2372 δὲ
223 2311 341 2375 λοιπὸν
369 2313 409 2394 με
439 2313 548 2393 μείζω,
581 2310 637 2376 καὶ
666 2314 796 2394 γίνεταί
822 2334 879 2394 μοι
909 2311 946 2375 τὸ
978 2312 1169 2394 πρόβλημα·

116 2415 196 2499 ιαμ-ε
218 2416 281 2500 γάρ
304 2416 360 2482 καὶ
380 2419 423 2500 ὦ,
439 2403 471 2500 ξ,
495 2416 549 2482 καὶ
573 2420 663 2482 ἐστιν
684 2417 702 2482 6
726 2420 766 2501 με
789 2426 850 2482 τοῦ
874 2420 902 2482 ἴε
925 2416 1125 2500 τριπλάσιος.

221 2525 267 2588 El
288 2522 325 2589 δὲ
349 2526 385 2591 ἐν
408 2529 661 2609 τετραπλασίονι
690 2526 777 2611 λόγῳ
807 2524 1062 2607 ἐπιταττοίμεθα
1086 2524 1171 2587 διαι-

155 2641 227 2713 ρεῖν
250 2633 309 2697 τὸν
333 2631 478 2698 δοθέντα
506 2632 669 2716 ἀριθμόν,
699 2633 753 2696 δεῖ
778 2633 893 2714 λαβεῖν
916 2631 976 2696 τὸν
998 2638 1059 2695 τοῦ
1088 2630 1170 2695 ὅλον

154 2736 488 2805 ὑποπενταπλασίονα
520 2737 575 2803 καὶ
606 2747 727 2803 τοῦτον
759 2737 891 2802 τιθέναι
919 2737 1001 2820 ὅρον
1029 2735 1170 2819 ἐλάσσω,

154 2845 213 2909 τὸν
241 2841 279 2910 δέ
311 2848 430 2912 λοιπὸν
457 2848 570 2930 μείζω,
602 2846 662 2909 τὸν
690 2847 873 2929 λεγόμενον
900 2840 955 2908 καὶ
989 2843 1171 2927 ἀποτομήν,

115 2949 210 3016 εεααλ
236 2954 367 3033 γίνεταί
390 2975 447 3035 μοι
475 2953 512 3016 τὸ
540 2950 743 3035 προβληθέν.
790 2942 865 3016 οἷον
892 2952 975 3015 ἐστω
1004 2949 1021 3014 6
1056 2948 1172 3027 δοθεὶς

155 3056 298 3141 ἀριθμὸς
324 3043 344 3122 λ
374 3057 414 3122 ὃν
438 3059 491 3123 δεῖ
515 3059 637 3122 διελεῖν
659 3059 742 3122 κατά
766 3059 868 3140 λόγον
891 3059 1171 3139 τετραπλασίονα·

154 3165 277 3229 τούτου
314 3165 472 3248 λαμβάνω
509 3165 569 3230 τὸν
601 3165 935 3230 ὑποπενταπλασίονα
967 3165 1027 3228 τὸν
1060 3166 1079 3230 ξ
1116 3160 1172 3228 καὶ
1284 3201 1285 3208 1

155 3273 272 3354 τίθημι
304 3280 424 3356 τοῦτον
452 3271 580 3337 ε’λάσσω
614 3272 710 3354 ὅρον,
750 3273 809 3338 τὸν
836 3268 874 3336 δὲ
902 3272 1021 3335 λοιπὸν
1047 3270 1108 3335 τὸν
1131 3256 1172 3334 ιῖδ

157 3379 265 3461 μείζω,
287 3375 344 3443 καὶ
367 3380 498 3461 γίνεταί
518 3401 574 3461 μοι
597 3378 635 3443 τὸ
658 3380 846 3463 πρόβλημα·
867 3362 911 3442 αδ
929 3378 994 3464 γάρ
1013 3374 1069 3441 καὶ
1088 3379 1118 3460 ξ,
1133 3361 1172 3441 λ·
1283 3435 1285 3470 3

113 3484 174 3548 ωδ
197 3471 240 3549 αδ
263 3481 300 3550 δὲ
323 3494 384 3550 τοῦ
405 3487 426 3552 ξ
449 3485 694 3569 τετραπλάσιος.
1283 3519 1284 3568 ;

223 3590 290 3656 Καὶ
310 3590 363 3656 ε’πλ
381 3592 516 3656 πάντων
535 3591 552 3656 6
572 3591 672 3668 αὐτὸς
691 3593 799 3675 λόγος,
822 3592 1063 3675 λαμβανόντων
1077 3589 1174 3674 ἡμῶν
1283 3575 1284 3604 δ
