2578 3984
166 165 208 231 82
407 165 658 221 PAOHYMERAE
677 163 933 218 PARAPHRASIS.

166 335 343 394 σιασθεῖσα
374 330 610 412 δυναμόκυβον
636 337 738 392 ποιεῖ·
772 329 854 391 ἔστω
885 327 948 411 γάρ
979 327 1081 411 κύβος
1111 325 1129 391 6
1157 351 1177 409 η

165 435 220 501 καὶ
243 436 449 521 τετράγωνος
472 435 489 500 6
514 421 535 499 6
558 435 576 499 ὅ
600 434 669 500 ἐστι
693 435 848 518 δύναμις,
878 433 910 512 ἐξ
939 428 986 498 ὧν
1009 435 1136 515 γίνεται
1160 433 1177 498 6

165 531 207 626 λβ
245 544 486 627 δυναμόκυβος.
552 542 692 626 δύναμις
734 538 771 606 δὲ
808 539 860 605 ἐπὶ
903 541 1179 624 δνναμοδύναμιν

165 654 517 715 πολλαπλασιασθεῖσα
540 650 729 732 κυβόκυβον
749 647 976 732 ἀπεργάζεται·
1001 647 1018 712 6
1038 649 1102 733 γάρ
1122 645 1174 731 ἐφ’

139 755 285 822 ιὲαυτὸν
308 756 621 838 πολλαπλασιασμὸς
647 763 708 819 τοῦ
730 755 837 837 κύβου
860 755 1062 836 κυβόκυβος,
1094 753 1138 830 ώς
1160 753 1178 818 6

164 849 260 942 ξδέκ
281 873 342 929 τοῦ
366 863 496 940 ὀκτάκις
514 871 550 946 ἦ·
574 871 694 926 τοῦτον
712 863 771 926 τὸν
791 847 832 939 ξδ
850 872 941 925 ποιεῖ
963 859 1017 926 καὶ
1039 861 1181 945 δύναμις

166 971 183 1035 ὁ
217 955 238 1035 δ
270 967 322 1035 ἐπὶ
355 969 633 1054 δυναμοδύναμιν
664 970 723 1034 τὸν
756 972 789 1036 ῖς
818 972 1178 1034 πολλαπλασιασθεῖσα.

165 1077 267 1160 κύβος
295 1074 332 1141 δὲ
360 1075 412 1141 ἐπὶ
440 1077 556 1160 κύβον,
593 1074 657 1141 κάν
680 1073 733 1158 ἐφ’
754 1074 882 1158 ἑαυτόν,
906 1073 969 1140 κάν
993 1070 1048 1159 ἐφ’
1065 1074 1181 1158 ἕτερον
1280 1075 1282 1148 ι

165 1185 281 1270 κύβον,
306 1180 633 1259 πολλαπλασιασθεὶς
655 1185 846 1266 κυβόκυβον
868 1193 964 1246 ποιεῖ.

124 1317 150 1356 10
232 1295 306 1367 Πᾶς
334 1287 371 1356 δὶ
400 1290 543 1374 ἀριθμὸς
570 1287 623 1354 ε’πὶ
650 1291 687 1354 τὸ
717 1288 894 1374 ὁμώνυμον
922 1288 1026 1353 αὐτοῦ
1059 1291 1180 1373 μόριον
1281 1279 1282 1334 Ῐ

163 1395 489 1473 πολλαπλασιασθεὶς
512 1396 640 1480 μονάδα
658 1407 759 1461 ποιεῖ·
783 1387 857 1461 οἷον
876 1393 929 1460 ἐπὶ
947 1403 1008 1460 τοῦ
1028 1409 1041 1459 ῐ
1057 1399 1180 1480 τυχόν·

165 1505 298 1582 δεκάκις
320 1506 383 1587 γάρ
407 1505 444 1568 τὸ
469 1501 620 1586 δέκατον,
644 1502 689 1567 ἕν.

235 1616 300 1695 Τῆς
328 1607 390 1677 οὖν
418 1610 563 1694 μονάδος
591 1608 796 1693 ἀμεταθέτου
825 1609 927 1692 οὔσης
956 1606 1012 1673 καὶ
1035 1607 1181 1694 ἑστώσης
1281 1659 1282 1696 3

164 1718 229 1800 άεί,
258 1719 295 1783 τὸ
323 1719 693 1800 πολλαπλασιαζόμενον
717 1714 766 1781 ἐπ’
789 1717 894 1800 αὐτὴν
918 1715 998 1781 αὐτὸ
1024 1717 1062 1781 τὸ
1090 1711 1181 1792 εἶδος
1281 1711 1282 1722 ’

124 1849 150 1889 15
165 1827 271 1890 ἔσται·
296 1825 425 1901 δεκάκις
447 1826 510 1909 γάρ
534 1824 571 1888 τὸ
595 1829 628 1906 ἄ,
644 1837 670 1905 ῑ,
694 1821 749 1888 καὶ
772 1823 856 1902 ἅπαξ
879 1825 918 1888 τά
943 1837 969 1905 ῑ,
985 1836 1005 1887 ῑ.

236 1933 284 1996 Τά
300 1929 337 1997 δὲ
352 1931 512 2017 ὁμώνυμα
532 1934 632 2014 μόρια
651 1927 702 2014 ἐφ’
718 1929 817 1995 ἑαυτά
830 1932 1182 2013 πολλαπλασιαζόμενα

164 2041 295 2122 ποιήσει
319 2038 480 2123 ὁμώνυμα
504 2041 604 2122 μόρια
626 2047 697 2113 τοῖς
720 2037 891 2122 ἀριθμοῖς·
920 2027 994 2102 οἷον
1016 2037 1054 2101 τὸ
1084 2035 1181 2121 άριθ-

164 2147 289 2231 μοστὸν
314 2143 365 2210 ἐπὶ
389 2146 426 2210 τὸ
453 2145 661 2229 άμιθμοστὸν
684 2145 1053 2227 πολλαπλασιαζόμενον
1078 2145 1183 2208 δυνα-

164 2254 288 2337 μοστὸν
324 2253 470 2335 ποιήσει,
508 2252 668 2335 ἐπείτοιγε
704 2248 759 2316 καὶ
797 2250 941 2335 άμιθμὸς
977 2245 1031 2332 ἐφ’
1059 2248 1183 2315 ἑαυτὸν

124 2383 151 2423 εο
165 2362 531 2443 πολλαπλασιαζόμενος
555 2360 700 2442 δύναμιν
723 2369 814 2422 ποιεῖ
822 2377 828 2390 ·
853 2350 926 2423 οἷον
947 2342 971 2440 β
994 2354 1047 2420 ἐπὶ
1070 2343 1092 2441 β
1119 2357 1182 2421 τὸν

164 2451 185 2529 δ
208 2466 431 2549 τετράγωνον,
455 2465 491 2542 ὅς
515 2464 584 2530 ἐστι
607 2467 762 2549 δύναμις·
784 2466 825 2530 τοὶ
849 2461 885 2529 δὲ
903 2449 925 2548 β
944 2463 1099 2549 άριθμός,
1123 2461 1181 2528 καὶ

162 2573 202 2636 τοὶ
230 2557 255 2655 β
281 2574 425 2638 δυοστὸν
453 2575 572 2657 μόριον
599 2581 660 2637 τοῦ
688 2558 723 2653 δ,
752 2563 825 2636 οἷον
853 2571 964 2654 ἥμισυ.
1010 2571 1047 2634 τὸ
1077 2568 1108 2634 δ’
1137 2565 1183 2634 αὖ

163 2679 370 2764 άμιθμοστὸν
398 2681 769 2763 πολλαπλασιαζόμενον
799 2676 853 2742 ἐπὶ
884 2679 921 2743 τὸ
955 2679 1182 2762 δυναμοστόν,

162 2788 328 2870 κυβοστὸν
360 2797 463 2868 ποιεῖ,
497 2786 657 2868 ἐπείτοιγε
689 2783 744 2849 καὶ
775 2785 919 2870 ἀριθμὸς
948 2783 1001 2849 ἐπὶ
1035 2785 1183 2868 δύναμιν

123 2914 149 2956 ετ
163 2896 530 2976 πολλαπλασιαζόμενος
556 2893 662 2975 κύβον
690 2901 855 2956 ποιεῖ
880 2889 933 2956 ἐπὶ
966 2888 1003 2956 δὲ
1034 2893 1182 2975 δυναμο-

163 3001 340 3081 κυβοστόν,
363 3000 625 3082 κυβοκυβοστόν,
650 2998 811 3081 ἐπει-’τοιγε
835 2997 977 3082 άριθμὸς
1001 2996 1053 3062 ἐπὶ
1078 3000 1181 3064 δυνα-

165 3107 315 3187 μόκοβον
338 3102 665 3181 πολλαπλασιασθεὶς
687 3106 877 3187 κνβόκυβον
900 3114 997 3169 ποιεῖ.

231 3213 455 3295 Δυναμοστὸν
475 3207 512 3276 δὶ
535 3209 588 3276 ἐπὶ
607 3209 828 3296 άμιθμοστόν,
852 3211 1018 3292 κυβοστὸν
1036 3214 1181 3296 ποιήσει,

236 3409 268 3458 10
279 3421 319 3472 sq.
344 3402 384 3460 Of.
400 3403 420 3472 Ι,
436 3408 460 3470 8,
476 3408 589 3459 11-12.
642 3408 674 3458 12
695 3401 725 3458 ἓν
745 3401 856 3472 εοείμεὶ;
876 3409 894 3456 ῖ
914 3401 963 3456 καὶ
977 3402 1052 3469 άπαξ
1066 3402 1102 3457 τά
1117 3409 1182 3472 ῐ,ῖ

163 3474 281 3531 codices.
355 3481 389 3530 13
400 3493 440 3544 sq.
464 3473 504 3530 cf.
519 3475 540 3542 Ι,
556 3483 580 3543 8,
597 3479 710 3530 13-15,
786 3480 819 3529 16
830 3491 870 3542 sq.
895 3473 935 3529 cf.
950 3474 972 3544 1,
987 3479 1012 3543 8,
1030 3480 1142 3532 16-24.

163 3552 197 3601 25
216 3547 358 3602 Lacunam
377 3545 542 3616 significavi.
