2570 3988
436 204 713 260 PROLEGOMENA.
991 207 1081 261 XXIX

70 363 207 448 ginensi,
229 366 406 430 recentiore
422 363 667 451 Guelferbytani
685 370 884 455 apographo,
906 374 938 434 et
956 371 990 434 in
1003 370 1080 434 Am-

69 469 224 536 brosiano
249 471 278 534 A
298 473 339 537 91
363 495 442 558 sup,
464 473 521 537 ubi
544 474 712 557 problema
735 474 773 554 V,
795 477 838 541 28
862 474 917 560 (31
944 475 1081 542 Bacheti

70 581 104 642 61
121 577 293 665 Xylandri)
315 580 469 644 omissum
491 584 550 646 est.
587 579 661 646 Nisi
685 603 763 667 ergo
788 587 912 648 statuas
931 581 1080 648 Dudithii

70 684 214 750 codicem
246 686 446 769 deperditum
477 708 559 773 esse,
592 692 714 753 certum
744 694 795 753 est
822 690 915 754 illurn
945 691 1081 755 eundem

69 813 141 857 esse
170 815 207 857 ac
237 791 540 878 Guelferbytanum3
571 816 631 860 nec
660 795 758 860 aliurn
782 796 862 860 vidit
889 796 1081 862 'Pomasinus

70 897 309 983 (Bibliothecae
332 900 506 965 Patavinae
530 902 770 985 manuscriptae
793 903 941 986 publicae
964 909 997 969 et
1018 906 1082 990 pri·

69 1009 180 1090 ratae,
211 1007 310 1090 1639,
337 1029 367 1090 p.
388 1005 467 1092 115)
499 1001 583 1072 inter
614 1006 744 1073 Nicolai
771 1008 939 1075 Trevisani
971 1011 1082 1097 libros,

69 1135 209 1198 quorum
229 1116 325 1178 antea
343 1112 494 1178 Mathcus
509 1114 679 1201 Macignus
694 1114 894 1185 Venetianus
912 1138 1082 1200 possessor

70 1219 192 1305 fuerat3
216 1243 291 1284 nam
312 1219 566 1306 Guelferbytano
590 1226 715 1305 septem
737 1222 818 1288 folia
836 1223 1082 1288 Adnotutiooam

68 1328 105 1391 ia
125 1327 238 1392 librum
251 1327 277 1391 I
291 1325 482 1410 Diophantis
499 1325 603 1394 XVII.
619 1330 747 1394 saeculo
761 1330 893 1394 ineunte
908 1330 949 1395 ab
964 1330 1081 1400 ,eodem

69 1433 222 1520 Macigno
256 1434 365 1499 addita
398 1440 482 1499 sunt.
531 1434 618 1501 Num
649 1457 687 1499 cx
714 1435 878 1510 Marciano
907 1436 952 1522 Bl
985 1436 1082 1524 (nota

69 1539 263 1605 Dudithium
292 1563 330 1606 ex
358 1546 460 1606 matre
472 1538 498 1628 ¹)
531 1540 631 1606 etiam
653 1540 869 1608 Venetianum
896 1541 1012 1631 fuisse)
1040 1566 1082 1608 an

52 1657 110 1710 'ex
142 1645 360 1712 Ambrosiano
393 1647 438 1712 Et
467 1648 529 1714 157
564 1671 634 1732 sup.
664 1650 806 1714 nondum
838 1652 953 1716 mutilo
987 1648 1081 1715 Guel-

70 1753 261 1838 ferbytanus
289 1754 352 1820 iste
379 1755 559 1838 descriptus
582 1755 692 1840 fuerit,
720 1757 878 1821 incertum
901 1758 1081 1842 relinquere

70 1859 182 1926 debeo.
229 1859 365 1926 Constat
388 1866 496 1926 autem
520 1861 678 1946 Xylandri
701 1863 752 1927 vel
780 1863 1081 1947 interpretationem

69 1967 122 2031 vel
151 1969 399 2033 commentarios
432 1968 515 2032 nihil
549 1970 713 2033 continere
746 1969 831 2053 quod
865 1971 1082 2055 antiquiorem

69 2074 235 2139 Marciano
259 2074 536 2145 fontemindicet.

140 2199 189 2264 12.
219 2199 387 2265 Palatinus
409 2221 456 2282 pr.
479 2206 541 2266 391
572 2223 654 2265 saec.
676 2200 755 2265 XVI
782 2207 917 2266 excunte
941 2201 1080 2286 scriptus

70 2305 295 2388 Diophantum
320 2307 452 2372 exhibet
475 2329 548 2372 cum
572 2308 803 2372 commentario
828 2309 884 2373 sed
908 2308 977 2373 sine
995 2308 1082 2394 frag-

70 2416 180 2477 mento
201 2409 325 2478 Calculi
344 2412 456 2478 Indici.
493 2413 690 2500 Marginales
714 2419 810 2480 notae
834 2416 997 2481 teutonico
1021 2438 1082 2480 ser-

71 2541 167 2583 mone
192 2519 374 2604 adscriptae
402 2543 475 2585 eum
499 2521 724 2585 demonstrant
748 2527 898 2604 paratum
922 2521 1084 2587 fuissent

70 2626 287 2712 typographis
317 2626 512 2710 traderetur3
546 2627 744 2712 descriptum
775 2628 877 2710 igitur
904 2627 1003 2693 fuisse
1032 2629 1083 2692 vel

71 2756 90 2797 a
119 2732 287 2817 Xylandro
323 2734 395 2816 ipso
427 2735 479 2798 vel
514 2733 672 2819 Xylandri
707 2755 782 2799 cura
820 2734 992 2799 concludas
1027 2756 1082 2798 ne-

72 2861 161 2904 cesse
185 2845 243 2904 est.

139 2966 190 3030 13.
237 2965 421 3046 Repincnsis
446 2970 512 3031 128
552 2988 633 3031 saec.
660 2964 739 3030 XVI
778 2970 912 3030 exeunte
946 2966 1082 3050 scriptus

70 3071 182 3135 eadem
207 3093 288 3156 quae
312 3070 585 3156 Guelferbytanus
611 3069 697 3159 (cum
720 3073 873 3137 lemmate
897 3080 957 3137 τοῦ
976 3070 1082 3149 Μαξί-

72 3201 137 3262 μου
165 3186 226 3242 τοῦ
254 3179 472 3263 Πλανούδου)
505 3181 651 3264 praebet3
685 3201 745 3244 nec
773 3180 839 3243 alia
866 3179 957 3264 origo
987 3201 1083 3264 quae-

73 3285 174 3349 renda
198 3288 257 3349 est.

140 3499 166 3566 1)
190 3496 274 3552 Cuius
297 3496 435 3551 familiam
458 3513 613 3566 cognomen
636 3496 830 3552 Sbardellatus
853 3496 977 3566 indicat3
1007 3495 1083 3564 quod

70 3585 214 3656 ignoravit
231 3585 418 3641 Nesselmann
436 3589 510 3658 (Aly.
527 3589 553 3642 d.
573 3588 621 3643 Gr.
640 3604 667 3656 p.
683 3591 743 3655 279,
762 3589 820 3641 not.
837 3589 871 3656 1).
