2570 3988
160 187 234 240 XLII
523 191 801 244 PROLEGOMENA.

159 351 294 415 maticos
314 349 438 416 codices
460 372 563 434 prono
583 352 714 416 tramite
733 353 917 436 devolvent,
941 357 1170 439 argumentum

160 457 198 521 de
222 458 419 541 compendiis
444 457 625 542 relinquam
650 459 811 524 adfinem
834 482 1020 545 properans.

626 795 698 860 VII.

364 942 417 1013 De
441 896 671 1013 'fractionum
698 941 967 1015 notationibus.

226 1097 484 1183 Distinguendaa
517 1100 592 1162 sunt
622 1097 728 1181 quoad
760 1098 965 1164 notationem
997 1099 1082 1183 apud
1117 1123 1172 1166 an-

161 1207 269 1290 tiquos
297 1205 471 1269 fractiones
500 1226 637 1288 quarum
666 1204 890 1270 denominator
914 1209 964 1270 est
987 1205 1094 1272 unitas
1119 1204 1171 1292 (ab

159 1309 290 1399 μέρος),
332 1315 365 1376 et
400 1310 576 1376 fractiones
614 1332 751 1394 quarum
787 1312 1012 1378 denominator
1045 1314 1171 1378 unitate

161 1421 264 1484 maior
293 1420 342 1482 est
375 1415 508 1502 (nempe
541 1417 581 1482 τὰ
613 1416 711 1502 μέρη,
745 1418 773 1482 si
805 1421 915 1482 tamen
946 1420 983 1484 τὸ
1017 1421 1171 1505 δίμοιρον

162 1521 328 1611 excipias).

226 1648 371 1712 Primum
393 1669 508 1733 genus,
531 1651 568 1713 ut
591 1670 703 1713 omnes
728 1649 849 1732 sciunt,
873 1647 988 1714 Graeci
1010 1651 1172 1716 notabant

160 1756 404 1820 denominatore
423 1758 551 1820 tantum
571 1756 702 1838 scripto,
722 1776 817 1839 quem
835 1778 855 1820 a
873 1756 1015 1820 numeris
1034 1757 1171 1843 integris

160 1862 406 1947 distinguebant
439 1861 533 1948 signo
566 1863 721 1945 peculiari
756 1862 866 1928 addito
899 1884 1010 1927 versus
1046 1869 1171 1948 partem

160 1971 304 2034 dextram
329 1968 537 2052 superiorem.
583 1968 623 2033 In
648 1969 879 2034 recentioribus
903 1969 1084 2050 codicibus,
1107 1970 1171 2035 nisi
1278 1994 1279 2008 ¹

160 2076 290 2161 syllaba
316 2075 424 2140 finalis
458 2079 729 2160 repraesentetur,
762 2098 821 2160 pro
853 2077 946 2162 signo
976 2075 1093 2161 duplex
1122 2099 1171 2142 ac-

159 2222 271 2284 centus
296 2180 355 2322 (y‘'
372 2240 431 2302 pro
450 2181 501 2320 ὲ)
526 2217 810 2302 frequentissimus
831 2222 894 2304 est,
918 2219 953 2284 in
974 2220 1173 2303 manuscrip-

159 2345 201 2408 tis
221 2343 455 2408 vetustioribus
475 2364 570 2425 saepe
587 2342 639 2406 rel
658 2343 795 2427 simplex
816 2347 965 2408 accentus
985 2345 1036 2408 vel
1056 2344 1172 2408 calami

160 2449 274 2515 ductus
299 2451 381 2515 varii
404 2448 615 2533 reperiuntur.

226 2572 383 2638 Normam
419 2574 510 2638 illam
547 2573 664 2657 ubique
698 2573 844 2658 sequitur
878 2573 1083 2658 Diophantus
1119 2574 1172 2638 vel

161 2680 193 2745 in
217 2681 435 2764 positionibus
460 2682 509 2746 vel
533 2681 565 2744 in
590 2680 730 2766 analysi3
758 2680 870 2745 sedin
896 2681 1005 2746 codice
1028 2681 1060 2745 A
1085 2681 1171 2746 haud

161 2787 291 2852 omnino
315 2792 470 2853 constans
493 2789 543 2851 est
566 2786 730 2871 peculiare
754 2787 882 2872 signum
900 2787 1082 2853 fractionis.
1118 2786 1171 2852 In·

159 2894 333 2959 veniuntur
366 2894 466 2958 enim:
502 2893 553 2958 rel
586 2893 723 2977 simplex
756 2897 906 2959 accentus
940 2895 1020 2960 satis
1053 2895 1171 2980 longus

161 2982 239 3086 (Si),
261 3000 312 3064 vel
337 3000 451 3065 duetus
475 3000 592 3064 calami
616 3003 655 3064 ex
677 3021 809 3084 corpore
831 2999 945 3066 literae
969 3000 1075 3066 oriens
1099 2995 1171 3090 (Ol),

159 3107 212 3170 vel
234 3106 320 3171 idem
340 3111 396 3171 aut
416 3105 593 3189 simplicior
612 3107 726 3172 ductus
749 3129 821 3172 oum
846 3111 980 3172 accentu
999 3108 1051 3172 vel
1073 3131 1171 3191 supra

159 3215 210 3277 rel
239 3212 340 3278 infra:
372 3214 418 3278 sic
445 3217 558 3298 τρίτον
587 3214 745 3298 figuratur
769 3226 812 3290 w
836 3214 887 3278 vel
910 3211 954 3294 p?
982 3214 1033 3280 vel
1059 3217 1104 3300 ss
1128 3203 1195 3301 (I,¹

159 3343 189 3403 p.
209 3321 260 3401 50,
283 3321 337 3404 123
361 3321 413 3403 60,
431 3319 476 3406 4).

226 3441 361 3529 Signum
391 3445 476 3529 quod
503 3445 583 3509 finxi
611 3443 651 3530 (l,
675 3468 704 3528 p.
725 3446 754 3528 6,
774 3443 831 3530 21)
860 3450 893 3509 et
923 3449 960 3509 ut
994 3446 1171 3531 genuinum

161 3551 307 3635 adhibui,
340 3553 437 3616 etiam
471 3551 605 3635 reperiri
638 3556 746 3635 potest
779 3551 819 3616 ad
847 3573 921 3637 pag.
945 3551 988 3616 52
1021 3556 1053 3616 et
1084 3552 1172 3636 alibi,

1277 2055 1279 2162 l
