2570 3988
473 215 750 267 PROLEGOMENA.
1057 214 1118 268 XLI

105 377 177 438 teos
201 374 326 439 codices
353 379 467 440 nactus
492 397 575 458 sum3
604 397 674 439 eam
698 376 851 440 librarius
876 373 926 462 (c)
951 399 989 440 ex
1013 399 1117 462 cuppa

106 479 282 565 depravato
322 482 364 546 ob
403 481 581 546 faciliorem
620 482 738 546 calami
776 482 905 547 ductum
943 484 1117 550 detorsisse

106 588 243 653 videtur.

173 695 222 759 De
261 695 399 780 genuina
431 697 536 780 figura
574 697 756 780 compendii
789 699 822 766 dx
854 696 996 761 dubitari
1029 700 1117 782 licet3

106 804 152 868 sic
184 802 271 866 enim
303 803 336 866 in
369 803 551 868 uncialibus
586 825 666 888 quas
695 812 812 868 vocant
843 804 945 868 literis
976 805 1117 889 descrip-

2 907 6 915 ’
105 909 229 973 tionem
254 908 432 992 Diophanti
461 910 766 992 repraesentandam
789 910 908 975 credidi
931 908 969 988 ψ’
990 908 1117 990 ἐλλιπὲς

105 1016 192 1080 κάτω
219 1024 334 1092 veriora
363 1019 397 1080 at
421 1016 545 1080 codices
569 1038 701 1081 curvum
726 1016 857 1081 ductum
882 1018 1036 1082 exhibent
1062 1015 1119 1102 φ’,

106 1124 354 1206 symbolumque
383 1123 588 1187 dextrorsum
618 1144 712 1209 saepe
740 1124 911 1209 inclinant,
940 1124 986 1188 ita
1013 1129 1050 1189 ut
1079 1126 1117 1189 ad

105 1229 237 1294 lambda
259 1250 360 1313 prope
385 1228 522 1294 accedat.
561 1228 600 1292 In
624 1231 856 1294 commentario
880 1253 937 1296 suo
957 1230 1117 1296 Planudes

106 1336 280 1401 manifesto
296 1345 313 1408 ἆ
326 1336 456 1419 scripsit
471 1337 562 1420 quasi
578 1337 707 1401 literam
720 1336 879 1401 initialem
895 1339 982 1402 vocis
997 1340 1116 1416 λείψεις

106 1444 161 1508 sed
190 1445 225 1507 in
247 1443 280 1507 A
307 1443 449 1507 literalt
479 1443 540 1507 etsi
568 1443 662 1508 aliter
691 1445 739 1527 (in
763 1444 922 1530 λείπεται)
953 1446 1116 1509 interdum

106 1552 229 1632 soluta,
257 1571 367 1614 vocem
396 1551 511 1625 λοιπός
540 1550 723 1634 significare
751 1551 877 1615 videtur
906 1549 1001 1638 (102,
1025 1553 1059 1634 2,
1083 1554 1118 1636 33

3 1727 5 1736 ,
104 1658 183 1734 274,
206 1655 270 1742 15).

172 1764 283 1827 Aliam
309 1763 437 1846 antiqui
464 1763 645 1849 compendii
672 1764 936 1849 depravationem
964 1765 998 1829 in
1023 1765 1117 1850 signo

3 1861 4 1868 ἵ
105 1870 312 1955 aequalitatis
337 1869 574 1953 deprehendere
594 1871 682 1954 licet3
705 1871 818 1935 literas
839 1879 866 1934 ισ
887 1871 923 1935 in
942 1872 1118 1956 archetypo

105 1977 245 2061 scriptas
270 1977 370 2041 fuisse
395 1976 448 2042 vix
472 1976 604 2040 dubium
630 1976 726 2064 est¹);
751 1977 806 2041 sed
830 1977 915 2042 haud
940 1981 1047 2058 semel,
1072 2003 1118 2043 ex.

105 2105 152 2170 gr.
172 2084 247 2165 226,
270 2084 319 2166 14,
344 2083 490 2148 confusio
515 2105 629 2148 vocum
654 2089 725 2160 ἴσος
750 2090 783 2148 et
806 2083 949 2168 ἀριθμός
977 2088 1012 2149 in
1034 2086 1119 2151 codi-

105 2192 199 2256 cibus
233 2191 404 2256 invenitur.
456 2189 648 2274 Symbolum
679 2213 756 2276 ergo
785 2193 840 2275 qui
870 2193 924 2256 vix
952 2194 993 2258 ab
1025 2225 1045 2278 q
1074 2192 1119 2256 di-

107 2299 264 2363 stinctum
288 2301 367 2379 erat,
391 2319 410 2360 a
433 2289 575 2360 librariis
600 2297 820 2362 introductum
846 2299 916 2364 fuit.

175 2404 264 2481 Quae
298 2406 406 2469 autem
440 2425 538 2486 supra
571 2403 637 2467 dixi
666 2404 703 2468 de
737 2407 927 2489 compendio
957 2410 990 2476 tta
1020 2410 1119 2472 variis

107 2513 213 2576 modis
243 2512 350 2576 soluto
378 2509 440 2574 hoc
469 2509 706 2593 demonstrant,
739 2534 870 2576 sensum
903 2513 999 2578 huius
1033 2537 1118 2599 sym-

108 2619 177 2684 boli
203 2639 370 2701 nunquam
399 2617 572 2695 incertum,
606 2618 861 2683 enuntiationem
893 2619 980 2684 haud
1012 2623 1119 2700 semel,

106 2727 170 2790 nisi
195 2746 334 2808 semper,
363 2723 551 2808 ambiguam
576 2722 691 2810 fuisse3
719 2725 803 2810 quod
827 2725 908 2789 mihi
933 2748 999 2790 non
1025 2729 1120 2811 parvi

108 2832 265 2897 momenti
288 2829 424 2896 videtur.

175 2939 259 3004 Item
282 2938 349 3002 fere
377 2937 415 3001 de
444 2937 539 3023 signo
564 2938 771 3023 aequalitatis
796 2939 1016 3025 statuendum3
1042 2962 1119 3004 nam

108 3068 167 3131 pro
193 3045 352 3110 adiectivo
377 3049 448 3121 ἴσος
474 3046 647 3110 verborum
672 3045 795 3124 ἰσάζειν
818 3047 869 3111 vel
892 3048 988 3112 ίσοῦν
1011 3048 1120 3113 variae

108 3153 233 3218 formae
256 3152 404 3237 pluribus
429 3152 508 3216 locis
534 3153 671 3236 supponi
695 3157 841 3237 possunt.

177 3258 240 3326 Sed
267 3281 308 3323 ne
336 3259 466 3343 longius
494 3258 576 3323 haec
605 3259 766 3343 disputem
795 3283 877 3346 quae
906 3283 957 3325 me
986 3261 1025 3325 ad
1055 3262 1120 3326 alia

109 3367 229 3433 similia
253 3366 401 3450 exempla
424 3368 516 3430 extra
539 3364 763 3450 Diophanteos
792 3369 857 3433 imo
882 3373 973 3433 extra
997 3369 1119 3433 mathe-

180 3600 207 3666 1)
228 3595 267 3650 cf.
284 3595 348 3649 adn.
363 3593 424 3648 crit.
439 3594 460 3662 Ι,
475 3599 517 3663 oc,
533 3599 574 3662 13,
592 3599 637 3662 143
658 3600 718 3662 111,
733 3600 779 3660 213
800 3600 859 3664 116,
876 3600 917 3650 aa.
