2568 3980
195 174 258 238 192
460 170 588 226 SOHOLI
590 170 614 224 A
632 169 673 224 IN
690 168 944 224 DIOPHANTUM.

192 339 229 402 τὸ
254 334 291 401 δε
316 308 471 420 δίμοιρον
492 342 622 399 τοῦεθθ
645 333 747 399 αὐτοῦ
772 335 806 414 ιβ
829 329 879 419 (Γή
902 331 965 414 γάρ
990 329 1059 395 ἐστι
1082 331 1171 394 τὸεθ
1172 329 1209 414 θ),
1278 317 1279 372 3

192 445 229 508 τὸ
254 439 292 508 δὲ
315 453 362 525 ιηθ
364 450 419 506 λὲ
448 426 575 524 λγοῦν
603 438 658 505 καλ
682 444 715 523 ιβ
737 437 833 504 καλ
816 442 922 523 ε,μζ,
897 435 1209 520 ζκαλτέμνεταιή
1278 441 1279 504 ζ

193 549 298 633 μονὰς
321 550 441 631 είςλι,
466 539 605 616 δδὲεθ
633 546 702 612 ἐστι
724 543 844 630 μζλιθλλ
872 544 1033 629 μονάδος,
1066 543 1211 608 ἐλάττων
1278 633 1279 636 ¹

194 656 294 738 αὐτῆς
318 655 415 739 ὥν,ε
399 650 483 718 εδ’
513 652 555 718 ἐν.
573 655 688 732 ἀλλοις
710 655 838 737 μείζων.

167 784 179 825 ι
251 760 360 838 Ὅπως
392 754 422 826 δ’
456 759 642 845 εὑρίσκεται
674 760 692 825 ὁ
724 760 864 844 πυθμήν
895 769 962 823 τῶν
994 757 1141 843 ἐχόντων
1172 758 1211 821 τδι

194 865 358 951 δεδομένα
382 870 482 952 μόρια
507 869 611 951 δήλου
638 865 791 932 ἐνθένδε·
815 865 1044 931 ἐκκείσθωσαν
1068 865 1105 929 ολ
1126 864 1211 947 δμώ-

193 998 296 1058 νυμοι
322 983 392 1051 τοῖς
423 972 617 1059 δεδομένοις
649 973 803 1059 ἀριθμοί,
835 970 891 1037 καὶ
925 973 1039 1036 σκόπει
1070 971 1131 1035 τὸν
1164 981 1212 1034 αθλ

193 1078 248 1145 καὶ
280 1084 342 1164 βθλ,
380 1080 443 1146 κάν
480 1077 541 1165 μὲν
573 1091 702 1167 πρῶτοι
736 1081 820 1166 πρὸς
856 1079 1020 1162 ἀλλήλους
1056 1073 1119 1145 ὦσι
1156 1077 1211 1143 καὶ

194 1186 388 1271 ἀσύνθετοι,
410 1191 675 1266 πολλαπλασίαζε
699 1187 821 1264 αὐτοὺς
839 1185 1054 1270 ἐπαλλήλους,
1077 1183 1133 1250 καλ
1151 1187 1211 1250 τὸν

155 1319 179 1358 10
193 1297 377 1378 γενόμενον
400 1292 476 1376 λέγε
497 1292 655 1377 πυθμένα
679 1289 854 1359 εἶναιτῶν
878 1293 1023 1380 ἐχόντων
1055 1291 1211 1377 ἀριθμῶν
1278 1353 1279 1358 ,

194 1402 233 1466 τὰ
257 1400 418 1484 ὁμώνυμα
442 1409 503 1466 τοῦ
527 1411 578 1464 αθθ
599 1398 655 1465 καλ
678 1405 729 1484 βθθ
751 1403 859 1485 μόρια.
901 1402 933 1464 εί
955 1395 992 1464 δὲ
1013 1401 1132 1465 κοινὸν
1158 1398 1211 1482 μέ-
1278 1415 1279 1420 ’

193 1531 275 1590 τρον
305 1505 396 1572 ἐστὶν
429 1507 555 1592 αὐτῶν,
587 1510 851 1586 πολλαπλασίαζε
877 1507 978 1571 πάλιν
1006 1506 1130 1581 αὐτοὺς
1157 1505 1211 1570 ἐπ-

194 1616 367 1697 αλλήλους,
391 1611 447 1677 καλ
469 1614 507 1678 τὸ
530 1623 591 1678 τοῦ
614 1612 797 1698 γενομένου
821 1616 941 1699 μόριον
969 1613 1006 1676 τὸ
1031 1611 1211 1695 ὁμώνυμον

193 1727 239 1806 τῷ
262 1721 364 1807 κοινῷ
388 1719 507 1806 μέτρω,
531 1719 606 1803 λέγε
630 1715 716 1785 εἶναι
737 1719 901 1804 πυθμένα.
939 1714 1009 1785 εἶτα
1027 1728 1150 1784 τοῦτον
1170 1720 1210 1800 δή

155 1849 180 1888 15
194 1828 254 1891 τὸν
280 1823 438 1910 πυθμένα
471 1829 586 1892 σκόπει
618 1829 698 1910 μετὰ
727 1835 788 1902 τοῦ
815 1837 864 1911 γθθ
891 1826 1054 1910 ἀριθμοῦ,
1086 1827 1151 1890 κάν
1179 1848 1212 1890 τε

193 1943 323 2018 πρῶτος
349 1923 371 2018 ᾖ
398 1931 454 1997 καλ
483 1933 669 2011 ἀσύνθετος
696 1936 779 2019 πρὸς
807 1933 925 2016 αὐτόν,
953 1935 1016 1998 κάν
1044 1956 1079 1997 τε
1107 1940 1210 2020 κοινῷ

194 2038 301 2126 μέτρῳ
326 2048 492 2125 μετρῆται,
516 2044 603 2106 ποίει
627 2042 671 2118 ὡς
695 2040 884 2126 ἐδιδάχθης,

263 2139 346 2211 Οἷον
369 2149 559 2230 προκείσθω
582 2147 695 2234 εὑρεῖν
718 2150 777 2214 τὸν
800 2147 957 2231 πυθμένα
980 2157 1047 2211 τῶν
1066 2146 1213 2230 ἐχόντων

194 2250 307 2337 1,,θλγ
309 2303 318 2337 ,
342 2254 390 2317 δθλ
391 2301 400 2335 ,
425 2263 480 2317 εθ·
505 2253 657 2338 ἐκτίθήμι
679 2258 759 2331 τοὺς
778 2256 977 2339 ὁμωνύμους
993 2264 1063 2330 τοῖς
1082 2257 1213 2338 μορίοις

155 2359 371 2445 εοάριθμούς,
393 2345 425 2443 β,
444 2346 563 2444 ν,δ,“
546 2381 576 2425 ε
599 2384 640 2425 κα
643 2358 749 2426 ὶὲπελ
773 2362 790 2427 ὁ
814 2347 836 2444 β
858 2359 956 2425 καὶ“
936 2385 958 2443 ν
980 2371 1107 2444 πρῶτοι
1130 2362 1213 2446 πρὸς

194 2465 358 2550 ἀλλήλους
386 2469 435 2531 είσ
403 2465 450 2531 ίσλ
481 2465 536 2531 καλ
565 2467 762 2551 ἀσύνθετοι,
793 2467 1043 2545 πολλαπλασιάζ
1027 2470 1069 2545 ξω
1102 2469 1164 2533 τὸν
1191 2453 1214 2551 β

194 2570 299 2638 ἐπὶ
270 2597 329 2638 τον
352 2599 384 2656 ν,
408 2572 463 2638 καλ
486 2577 612 2656 γίνεται
635 2578 666 2659 ξ,
689 2571 744 2639 καὶ
766 2583 887 2639 τοῦτον
911 2571 997 2657 λέγω
1017 2568 1104 2638 ειναι
1124 2582 1212 2641 πυθ-

194 2677 277 2763 μένα
296 2690 363 2743 τῶν
383 2679 527 2763 ἐχόντων
542 2676 573 2757 L'
591 2679 645 2745 καὶ
664 2691 722 2764 γθλ,
741 2679 797 2746 καλ
815 2680 926 2766 ἕτερος
942 2680 1085 2763 ἐλάττων
1106 2681 1212 2748 αὐτοῦ

195 2785 256 2869 οὐχ
289 2783 353 2862 ἕξει
384 2794 495 2851 ταῦτα.
537 2786 637 2851 τιάλιν
669 2785 739 2852 ἐπεὶ
767 2788 784 2852 ὁ
815 2790 834 2855 ξ
860 2790 944 2872 πρὸς
971 2789 1030 2853 τὸν
1057 2773 1212 2878 δ’κοινῷ

155 2911 181 2952 25
169 2890 302 2978 ομέτρω
326 2903 491 2976 μετρεῖται
513 2902 558 2980 τῷ
578 2878 610 2976 β,
633 2895 907 2973 πολλαπλασιάζω
929 2895 1051 2972 αὐτοὺς
1069 2855 1212 2980 ἐπαλλή-

194 3003 284 3079 λους,
303 2995 358 3062 καὶ
376 3000 528 3081 γίνονται
546 3003 601 3065 κδ·
621 2997 693 3066 ἀλλ’
714 3000 783 3067 ἐπεὶ
802 3025 902 3067 κοινω
923 3000 1030 3090 μέτρω
1049 3012 1213 3088 μετροῦν-

194 3128 247 3169 ται
270 3127 314 3190 τω
338 3089 376 3187 β,
400 3106 558 3188 λαμβάνω
585 3109 623 3172 τὸ
652 3119 718 3172 τῶν
747 3112 788 3173 κδ
816 3111 935 3192 μόριον
962 3110 1000 3175 τὸ
1028 3108 1213 3196 ὁμώνυμον

194 3235 239 3298 τω
263 3196 299 3294 β,
327 3209 530 3276 τουτέστι
500 3237 537 3277 το
561 3213 604 3298 L',
631 3214 714 3300 ἀπερ
738 3214 808 3280 ἐλστ
831 3220 880 3300 ιβ,
910 3214 966 3282 καλ
993 3224 1096 3281 ταῦτα
1125 3216 1212 3301 λέγω

194 3275 280 3381 ελναι
302 3317 458 3400 πυθμένα
481 3331 548 3384 τῶν
572 3321 718 3405 ἐχόντων
737 3318 778 3405 β’,
799 3333 856 3408 γθλ,
876 3324 932 3388 δθλ.
969 3325 1069 3389 πάλιν
1087 3329 1212 3390 πολλα-

265 3480 282 3527 4
305 3475 410 3547 ἄλλοις]
435 3476 520 3540 ἀλλοις
543 3477 617 3533 libri.
655 3478 799 3546 Xylander
823 3480 955 3536 coniecit:
987 3480 1015 3536 εί
1036 3477 1065 3536 δ’
1091 3477 1212 3549 ε’ναλλάξ

194 3547 303 3614 μείζων,
322 3547 536 3617 ἀφαιρουμένου
555 3558 604 3604 τοῦ
623 3553 730 3620 μορίου.
793 3560 808 3606 6
828 3547 975 3608 ε’νθένδεν.
1038 3557 1071 3606 16
1090 3547 1121 3624 ᾖ]
1144 3549 1212 3608 ἐστὶ.
