2578 3984
319 188 569 244 PACHYMERAE
587 188 848 246 PARAPHRASIS.
1052 189 1093 253 79

69 351 89 416 6
115 336 148 416 ᾗ
169 351 376 436 τετράγωνος
399 352 546 434 πάντως,
570 345 612 416 οὗ
634 354 761 435 πλευρά
783 353 824 416 τά
846 355 880 433 γ’
908 357 1093 417 πολλαπλα·

70 459 278 535 σιανθέντος
310 453 373 524 οὖν
399 467 460 524 τοῦ
480 445 510 524 6
531 460 741 544 τετραγώνου
775 457 828 523 ἐπὶ
858 459 919 542 τὴν
946 460 1093 540 πλευράν

70 564 183 630 αὐτοῦ
202 565 261 630 τὸν
280 570 316 649 γ,
340 568 467 648 γίνεται
485 565 503 631 6
523 551 693 649 κξκύβος·
716 566 759 650 ἣν
778 567 841 650 γάρ
861 560 927 649 εἶχε
945 567 1092 650 πλευράν

69 671 89 737 6
127 671 285 748 ἐπίπεδος
315 672 522 757 τετράγωνος
554 673 636 738 κατά
667 696 702 737 τε
735 682 838 756 μῆκος
873 670 928 736 καὶ
960 672 1092 755 πλάτος,

69 779 202 862 ταύτην
230 775 285 843 καὶ
319 779 402 843 κατά
433 780 495 862 τὴν
524 781 639 865 τρίτην
667 779 852 859 διάστασιν,
881 778 924 862 ἣν
954 778 1092 864 λέγομεν
1120 804 1132 842 ε

70 884 182 969 πάχος
204 884 225 970 ἣ
250 885 358 968 βάθος
380 883 400 969 ἢ
429 886 530 968 ὕψος,
558 885 807 970 προσλαμβάνει
834 881 889 949 καί
917 897 1006 950 ποιεῑ
1032 886 1091 951 τὸν

68 993 193 1075 κύβον,
226 990 266 1056 ὃν
293 990 348 1057 καὶ
375 995 500 1077 κυρίως
527 991 692 1078 ἁρμονίαν
721 990 878 1076 ἐλέγομεν
903 990 958 1056 καὶ
987 993 1092 1070 ἰσάκις

71 1094 152 1164 ἴσον
174 1099 289 1175 ίσάκις.

144 1205 190 1270 Οί
212 1201 249 1270 δὲ
273 1206 445 1290 δυνάμεις,
474 1206 509 1272 οἵ
531 1207 618 1271 είσιν
642 1205 678 1271 ἐκ
700 1205 917 1290 τετραγώνων
941 1201 993 1290 ἐφ’
1017 1203 1091 1270 ἕαυ-

71 1313 157 1389 τούς
170 1309 567 1386 πολλαπλασιασθέντων·
588 1304 661 1377 οἷον
675 1313 823 1396 τετράκις
842 1311 860 1377 6
878 1297 911 1393 β,
927 1315 975 1380 ῐζ·
994 1307 1091 1390 οὗτος
1106 1339 1131 1377 10

70 1419 284 1504 τετράγωνος
317 1419 380 1484 άπὸ
408 1423 553 1505 πλευρᾶς
578 1428 640 1485 τοῦ
664 1405 701 1501 6,
738 1418 821 1485 άλλά
852 1417 907 1484 καί
939 1419 1091 1503 δύναμις,

72 1528 205 1609 γίνεται
227 1527 291 1610 γάρ
316 1525 380 1592 άπὸ
403 1527 614 1609 τετραγώνου
631 1534 692 1590 τοῦ
716 1510 737 1588 6
759 1525 1091 1592 πολλαπλασιασθέν-

69 1654 129 1709 τος
151 1625 204 1716 ἐφ’
223 1630 357 1697 ἑαυτόν·
380 1633 528 1718 τετράκις
550 1635 614 1718 γάρ
633 1633 651 1699 6
670 1617 706 1716 6,
721 1635 769 1702 ι’ἐ·
793 1632 876 1698 άλλά
894 1631 950 1698 καὶ
968 1633 1027 1699 τὸν
1045 1637 1091 1718 ῐέ,

70 1739 284 1822 τετράγωνον
307 1741 388 1804 ὄντα
411 1738 447 1804 ἐκ
469 1745 614 1826 πλευράς
636 1749 697 1805 τοῦ
716 1724 753 1822 6,
781 1745 814 1804 εί
832 1763 882 1816 τις
904 1744 1089 1806 πολλαπλα-

70 1846 182 1910 σιάσει
201 1841 255 1929 ἐφ’
274 1843 393 1911 ἑαυτὸν
416 1847 461 1923 ὡς
482 1848 644 1930 γενέσθαι
662 1850 741 1929 σοῖς,
765 1844 820 1912 καὶ
839 1841 937 1923 οὗτος
956 1846 974 1912 6
993 1846 1090 1932 άριθ-
1105 1868 1130 1909 15

70 1952 133 2036 μὸς
157 1953 299 2035 δύναμις
322 1950 461 2035 λέγεται.

3 2061 5 2072 ’
142 2059 187 2123 Οί
211 2055 248 2123 δὲ
276 2060 520 2144 δυναμόκυβοι,
551 2060 587 2125 οἳ
611 2061 698 2125 είσιν
727 2059 763 2125 ἐκ
790 2060 1009 2144 τετραγώνων
1037 2057 1090 2124 ἐπὶ

19 2239 24 2250 ,
70 2168 152 2242 τοὺς
182 2164 246 2230 άπὸ
276 2174 334 2249 τῆς
364 2166 466 2250 αὐτῆς
496 2166 609 2243 αὐτοῖς
638 2172 783 2252 πλευρᾶς
812 2166 937 2250 κύβους
968 2170 1090 2231 πολλα·
1169 2163 1173 2170 ’

70 2272 363 2339 πλασιασθέντων·
381 2272 422 2338 οὐ
441 2274 505 2359 γάρ
524 2274 870 2352 πολλαπλασιάζονται
888 2270 940 2338 ἐπὶ
959 2273 1090 2349 τούτοις

72 2378 126 2464 ἐφ’
146 2377 285 2455 ἑαυτοὺς
308 2379 343 2444 οί
363 2379 574 2464 τετράγωνοι,
599 2379 654 2444 ἵνα
678 2380 820 2465 δύναμις
843 2377 988 2462 γένηται,
1013 2377 1085 2444 ἀλλ’
1104 2405 1130 2443 εο

72 2485 127 2553 ἐπὶ
149 2489 227 2563 τοὺς
250 2487 375 2568 κύβους
393 2489 470 2562 τοὺς
490 2485 554 2550 άπὸ
573 2497 641 2551 τῶν
660 2487 772 2552 αὐτῶν
790 2489 970 2570 γεγονότας
988 2491 1087 2551 πλευ-

72 2603 155 2679 ρῶν
188 2585 262 2657 οἷον
291 2590 342 2668 δίς
369 2577 407 2676 β,
427 2577 462 2657 6·
496 2587 593 2669 οὗτος
621 2593 638 2658 6
667 2578 689 2659 ά
715 2593 934 2678 τετράγωνος·
968 2600 1089 2656 τοῦτον

72 2699 346 2777 πολλαπλασιάζω
371 2697 424 2763 ἐπὶ
447 2699 506 2764 τὸν
530 2708 551 2783 ἦ
576 2699 613 2776 ὅς
636 2700 705 2765 ἐστι
727 2701 830 2783 κύβος
853 2698 889 2764 ἐκ
912 2707 969 2782 τῆς
988 2683 1089 2763 τοῦδ’

72 2812 216 2892 ’πλευράς
240 2805 365 2882 δυάδος
383 2806 561 2888 συνεστώς,
585 2804 639 2871 καὶ
659 2808 716 2872 διά
736 2816 835 2873 τοῦτο
856 2806 1088 2889 ὃυναμόκυβος

74 2911 201 2996 λέγεται
224 2912 242 2979 6
266 2899 316 2996 λβ.
1102 2935 1128 2974 ω

141 3019 185 3084 Οί
206 3017 246 3083 δέ
266 3020 330 3085 είσι
353 3022 552 3103 κυβόκυβοι,
580 3019 616 3084 οἵ
636 3020 722 3084 είσιν
745 3017 781 3084 ἐκ
804 3018 917 3101 κύβων
940 3016 994 3103 ἐφ’
1013 3016 1087 3084 ἑαυ-

72 3129 149 3202 τοὺς
175 3123 574 3191 πολλαπλασιασθέντων·
603 3117 677 3191 οἷον
705 3126 723 3191 6
752 3135 774 3208 ῆ
802 3126 904 3209 κύβος
932 3123 1023 3191 ἐστὶν
1051 3125 1087 3190 ἐκ

72 3239 213 3317 πλευρᾶς
235 3240 295 3297 τοῦ
314 3214 352 3315 β
378 3240 499 3297 τοῦτον
522 3232 795 3310 πολλαπλασιάζω
820 3229 869 3296 ἐπ’
892 3231 995 3297 αὐτὸν
1022 3233 1083 3297 τὸν

9 3325 11 3344 ²
71 3350 104 3425 ἦ,
125 3338 178 3405 καί
201 3340 332 3422 γίνεταί
349 3362 406 3422 μοι
425 3338 443 3404 6
463 3323 503 3416 ξύ
525 3340 721 3422 κυβόκυβος.

142 3573 203 3637 9sq.
220 3566 410 3637 Of.1,4,1-2.
462 3572 496 3621 17
503 3583 542 3634 sq.
559 3566 746 3639 cf.1‚4‚3-5.
797 3572 878 3635 26sq.
894 3565 934 3622 of.
942 3566 964 3637 1,
972 3571 1084 3635 4‚6-7‚
