<?xml version="1.0" encoding="UTF-8"?>
<!DOCTYPE html PUBLIC "-//W3C//DTD XHTML 1.0 Transitional//EN"
    "http://www.w3.org/TR/xhtml1/DTD/xhtml1-transitional.dtd">
<html xmlns="http://www.w3.org/1999/xhtml" xml:lang="en" lang="en">
 <head>
  <title>
</title>
<meta http-equiv="Content-Type" content="text/html;charset=utf-8" />
  <meta name='ocr-system' content='tesseract 3.04.00' />
  <meta name='ocr-capabilities' content='ocr_page ocr_carea ocr_par ocr_line ocrx_word'/>
</head>
<body>
  <div class='ocr_page' id='page_1' title='image "./diophantialexan01diopgoog_0069.png"; bbox 0 0 2570 3988; ppageno 0'>
   <div class='ocr_carea' id='block_1_1' title="bbox 345 112 1160 179">
    <p class='ocr_par' dir='ltr' id='par_1_1' title="bbox 345 112 1160 179">
     <span class='ocr_line' id='line_1_1' title="bbox 345 112 1160 179; baseline 0.006 -13"><span class='ocrx_word' id='word_1_1' title='bbox 345 112 580 168; x_wconf 82' lang='lat' dir='ltr'>DIOPHANTUS</span> <span class='ocrx_word' id='word_1_2' title='bbox 598 113 954 170; x_wconf 83' lang='lat' dir='ltr'><strong>PSEUDEPIGRAPHUS.</strong></span> <span class='ocrx_word' id='word_1_3' title='bbox 1119 116 1160 179; x_wconf 74' lang='grc'><em>17</em></span> 
     </span>
    </p>
   </div>
   <div class='ocr_carea' id='block_1_2' title="bbox 95 261 1202 3135">
    <p class='ocr_par' dir='ltr' id='par_1_2' title="bbox 139 261 1160 466">
     <span class='ocr_line' id='line_1_2' title="bbox 139 261 1160 364; baseline 0.003 -24"><span class='ocrx_word' id='word_1_4' title='bbox 139 274 279 360; x_wconf 79' lang='grc' dir='ltr'><em>ἑαυτήν,</em></span> <span class='ocrx_word' id='word_1_5' title='bbox 307 279 460 359; x_wconf 90' lang='grc' dir='ltr'><em>γίνονται</em></span> <span class='ocrx_word' id='word_1_6' title='bbox 481 261 544 361; x_wconf 52' lang='grc' dir='ltr'><em>ᾗ·</em></span> <span class='ocrx_word' id='word_1_7' title='bbox 573 285 676 341; x_wconf 90' lang='grc' dir='ltr'><em>ταῦτα</em></span> <span class='ocrx_word' id='word_1_8' title='bbox 698 278 882 362; x_wconf 86' lang='grc' dir='ltr'><em>τρισσάκις,</em></span> <span class='ocrx_word' id='word_1_9' title='bbox 910 277 1061 362; x_wconf 87' lang='grc' dir='ltr'><em>γίνονται</em></span> <span class='ocrx_word' id='word_1_10' title='bbox 1085 265 1160 364; x_wconf 70' lang='grc' dir='ltr'><em>ρμξ·</em></span> 
     </span>
     <span class='ocr_line' id='line_1_3' title="bbox 139 377 801 466; baseline 0.002 -18"><span class='ocrx_word' id='word_1_11' title='bbox 139 377 189 448; x_wconf 81' lang='grc' dir='ltr'><em>ὧν</em></span> <span class='ocrx_word' id='word_1_12' title='bbox 214 380 269 465; x_wconf 49' lang='grc' dir='ltr'><em>ιὺζ</em></span> <span class='ocrx_word' id='word_1_13' title='bbox 292 383 306 446; x_wconf 79' lang='grc' dir='ltr'><em>ι</em></span> <span class='ocrx_word' id='word_1_14' title='bbox 330 381 373 458; x_wconf 59' lang='grc' dir='ltr'><em>Λ“</em></span> <span class='ocrx_word' id='word_1_15' title='bbox 396 393 559 448; x_wconf 88' lang='grc' dir='ltr'><em>τοσοῦτον</em></span> <span class='ocrx_word' id='word_1_16' title='bbox 583 385 620 448; x_wconf 88' lang='grc' dir='ltr'><em>τὸ</em></span> <span class='ocrx_word' id='word_1_17' title='bbox 644 383 801 466; x_wconf 84' lang='grc' dir='ltr'><em>έμβαὺόν.</em></span> 
     </span>
    </p>

    <p class='ocr_par' dir='ltr' id='par_1_3' title="bbox 98 475 1202 1107">
     <span class='ocr_line' id='line_1_4' title="bbox 98 475 1160 575; baseline 0.004 -23"><span class='ocrx_word' id='word_1_18' title='bbox 98 505 114 551; x_wconf 88' lang='grc'><strong>6</strong></span> <span class='ocrx_word' id='word_1_19' title='bbox 200 488 309 554; x_wconf 84' lang='grc' dir='ltr'><em>Ἔστω</em></span> <span class='ocrx_word' id='word_1_20' title='bbox 333 489 530 573; x_wconf 80' lang='grc' dir='ltr'><em>ἡμικύκλιον</em></span> <span class='ocrx_word' id='word_1_21' title='bbox 554 485 595 555; x_wconf 89' lang='grc' dir='ltr'><em>οὑ</em></span> <span class='ocrx_word' id='word_1_22' title='bbox 618 490 639 573; x_wconf 77' lang='grc' dir='ltr'>ἡ</span> <span class='ocrx_word' id='word_1_23' title='bbox 663 491 758 573; x_wconf 82' lang='grc' dir='ltr'><em>βάσις</em></span> <span class='ocrx_word' id='word_1_24' title='bbox 782 475 831 573; x_wconf 63' lang='grc' dir='ltr'><em>ιθ,</em></span> <span class='ocrx_word' id='word_1_25' title='bbox 861 490 882 575; x_wconf 78' lang='grc' dir='ltr'><em>ἡ</em></span> <span class='ocrx_word' id='word_1_26' title='bbox 906 487 944 556; x_wconf 73' lang='grc' dir='ltr'><em>ὑὲ</em></span> <span class='ocrx_word' id='word_1_27' title='bbox 965 492 1108 569; x_wconf 88' lang='grc' dir='ltr'><em>κάθετος</em></span> <span class='ocrx_word' id='word_1_28' title='bbox 1132 477 1160 571; x_wconf 75' lang='grc' dir='ltr'><em>ξ·</em></span> 
     </span>
     <span class='ocr_line' id='line_1_5' title="bbox 139 594 1159 768; baseline 0.003 -107"><span class='ocrx_word' id='word_1_29' title='bbox 139 597 252 680; x_wconf 79' lang='grc' dir='ltr'><em>εὑρεῖν</em></span> <span class='ocrx_word' id='word_1_30' title='bbox 275 597 336 680; x_wconf 81' lang='grc' dir='ltr'><em>τὴν</em></span> <span class='ocrx_word' id='word_1_31' title='bbox 360 599 558 682; x_wconf 79' lang='grc' dir='ltr'><strong><em>περίμετρον</em></strong></span> <span class='ocrx_word' id='word_1_32' title='bbox 581 594 654 768; x_wconf 57' lang='grc' dir='ltr'><em>καλέ</em></span> <span class='ocrx_word' id='word_1_33' title='bbox 663 599 701 662; x_wconf 86' lang='grc' dir='ltr'><em>τὸ</em></span> <span class='ocrx_word' id='word_1_34' title='bbox 730 596 884 682; x_wconf 80' lang='grc' dir='ltr'><em>έμβαὺόν.</em></span> <span class='ocrx_word' id='word_1_35' title='bbox 924 601 1012 662; x_wconf 92' lang='grc' dir='ltr'><em>ποίει</em></span> <span class='ocrx_word' id='word_1_36' title='bbox 1040 598 1159 677; x_wconf 85' lang='grc' dir='ltr'><em>οὑτως·</em></span> 
     </span>
     <span class='ocr_line' id='line_1_6' title="bbox 138 701 1202 786; baseline 0.002 -19"><span class='ocrx_word' id='word_1_37' title='bbox 138 704 266 779; x_wconf 85' lang='grc' dir='ltr'><em>σάνθες</em></span> <span class='ocrx_word' id='word_1_38' title='bbox 298 704 359 786; x_wconf 79' lang='grc' dir='ltr'><em>τὴν</em></span> <span class='ocrx_word' id='word_1_39' title='bbox 339 703 492 786; x_wconf 87' lang='grc' dir='ltr'><em>νβάσιυ</em></span> <span class='ocrx_word' id='word_1_40' title='bbox 517 753 614 769; x_wconf 91' lang='grc'><strong><em>.....</em></strong></span> <span class='ocrx_word' id='word_1_41' title='bbox 638 701 785 785; x_wconf 78' lang='grc' dir='ltr'><em>ίπὶτὴυ</em></span> <span class='ocrx_word' id='word_1_42' title='bbox 816 704 976 786; x_wconf 77' lang='grc' dir='ltr'><em>κάθετον,</em></span> <span class='ocrx_word' id='word_1_43' title='bbox 1009 703 1160 769; x_wconf 77' lang='grc' dir='ltr'><strong><em>τουτέστι</em></strong></span> <span class='ocrx_word' id='word_1_44' title='bbox 1187 729 1202 769; x_wconf 86' lang='lat'><strong>5</strong></span> 
     </span>
     <span class='ocr_line' id='line_1_7' title="bbox 137 795 1160 894; baseline 0.002 -20"><span class='ocrx_word' id='word_1_45' title='bbox 137 811 218 886; x_wconf 87' lang='grc' dir='ltr'><em>τοὺς</em></span> <span class='ocrx_word' id='word_1_46' title='bbox 247 811 281 874; x_wconf 82' lang='grc' dir='ltr'><em>ιὺ</em></span> <span class='ocrx_word' id='word_1_47' title='bbox 309 807 362 874; x_wconf 84' lang='grc' dir='ltr'><em>ἐπὶ</em></span> <span class='ocrx_word' id='word_1_48' title='bbox 389 813 467 887; x_wconf 83' lang='grc' dir='ltr'><em>τοὺς</em></span> <span class='ocrx_word' id='word_1_49' title='bbox 496 815 524 894; x_wconf 81' lang='grc' dir='ltr'><em>ζ,</em></span> <span class='ocrx_word' id='word_1_50' title='bbox 557 814 709 893; x_wconf 90' lang='grc' dir='ltr'><em>γίνονται</em></span> <span class='ocrx_word' id='word_1_51' title='bbox 742 795 807 894; x_wconf 56' lang='grc' dir='ltr'><em>ἦ·</em></span> <span class='ocrx_word' id='word_1_52' title='bbox 840 820 943 876; x_wconf 88' lang='grc' dir='ltr'><em>ταῦτα</em></span> <span class='ocrx_word' id='word_1_53' title='bbox 972 815 1160 888; x_wconf 77' lang='grc' dir='ltr'><em>καθολικῶς</em></span> 
     </span>
     <span class='ocr_line' id='line_1_8' title="bbox 138 915 1160 1004; baseline 0.002 -23"><span class='ocrx_word' id='word_1_54' title='bbox 138 915 320 999; x_wconf 81' lang='grc' dir='ltr'><em>ένὺεκάκις,</em></span> <span class='ocrx_word' id='word_1_55' title='bbox 347 919 498 998; x_wconf 90' lang='grc' dir='ltr'><em>γίνονται</em></span> <span class='ocrx_word' id='word_1_56' title='bbox 518 935 602 1004; x_wconf 76' lang='grc' dir='ltr'><em>αοιγ·</em></span> <span class='ocrx_word' id='word_1_57' title='bbox 626 918 756 982; x_wconf 89' lang='grc' dir='ltr'><em>τούτων</em></span> <span class='ocrx_word' id='word_1_58' title='bbox 779 917 817 981; x_wconf 89' lang='grc' dir='ltr'><em>τὸ</em></span> <span class='ocrx_word' id='word_1_59' title='bbox 841 915 900 1000; x_wconf 51' lang='lat' dir='ltr'><em>cdv,</em></span> <span class='ocrx_word' id='word_1_60' title='bbox 926 922 973 996; x_wconf 80' lang='grc' dir='ltr'><em>οζ</em></span> <span class='ocrx_word' id='word_1_61' title='bbox 997 927 1160 984; x_wconf 85' lang='grc' dir='ltr'><em>τοσοῦτον</em></span> 
     </span>
     <span class='ocr_line' id='line_1_9' title="bbox 138 1023 354 1107; baseline 0 -21"><span class='ocrx_word' id='word_1_62' title='bbox 138 1024 176 1088; x_wconf 90' lang='grc' dir='ltr'><em>τὸ</em></span> <span class='ocrx_word' id='word_1_63' title='bbox 201 1023 354 1107; x_wconf 82' lang='grc' dir='ltr'><em>ἐμβαὺόν.</em></span> 
     </span>
    </p>

    <p class='ocr_par' dir='ltr' id='par_1_4' title="bbox 97 1129 1201 1643">
     <span class='ocr_line' id='line_1_10' title="bbox 97 1129 1160 1215; baseline 0 -20"><span class='ocrx_word' id='word_1_64' title='bbox 97 1148 113 1195; x_wconf 81' lang='lat'><strong>7</strong></span> <span class='ocrx_word' id='word_1_65' title='bbox 197 1129 304 1195; x_wconf 77' lang='grc' dir='ltr'><em>’Έστω</em></span> <span class='ocrx_word' id='word_1_66' title='bbox 325 1140 449 1215; x_wconf 82' lang='grc' dir='ltr'><em>σφαῖρα</em></span> <span class='ocrx_word' id='word_1_67' title='bbox 469 1132 590 1214; x_wconf 83' lang='grc' dir='ltr'><em>ἔχουσα</em></span> <span class='ocrx_word' id='word_1_68' title='bbox 609 1135 670 1213; x_wconf 77' lang='grc' dir='ltr'><em>τὴν</em></span> <span class='ocrx_word' id='word_1_69' title='bbox 685 1130 863 1214; x_wconf 77' lang='grc' dir='ltr'><em>διάμετρον</em></span> <span class='ocrx_word' id='word_1_70' title='bbox 877 1133 910 1195; x_wconf 62' lang='lat' dir='ltr'><em>i·</em></span> <span class='ocrx_word' id='word_1_71' title='bbox 932 1130 1043 1210; x_wconf 81' lang='grc' dir='ltr'><em>εὑρεῖν</em></span> <span class='ocrx_word' id='word_1_72' title='bbox 1058 1131 1160 1214; x_wconf 79' lang='grc' dir='ltr'><em>αὐτῆς</em></span> 
     </span>
     <span class='ocr_line' id='line_1_11' title="bbox 138 1233 1201 1322; baseline 0.002 -21"><span class='ocrx_word' id='word_1_73' title='bbox 138 1238 201 1320; x_wconf 75' lang='grc' dir='ltr'><em>τὴν</em></span> <span class='ocrx_word' id='word_1_74' title='bbox 224 1236 429 1322; x_wconf 83' lang='grc' dir='ltr'><em>ἐπιφάνειαν.</em></span> <span class='ocrx_word' id='word_1_75' title='bbox 467 1240 555 1302; x_wconf 88' lang='grc' dir='ltr'><em>ποίει</em></span> <span class='ocrx_word' id='word_1_76' title='bbox 581 1237 698 1313; x_wconf 87' lang='grc' dir='ltr'><em>οὑτως·</em></span> <span class='ocrx_word' id='word_1_77' title='bbox 721 1237 762 1300; x_wconf 81' lang='grc' dir='ltr'><em>τά</em></span> <span class='ocrx_word' id='word_1_78' title='bbox 784 1237 803 1300; x_wconf 88' lang='grc' dir='ltr'><em>ῐ</em></span> <span class='ocrx_word' id='word_1_79' title='bbox 826 1233 877 1321; x_wconf 77' lang='grc' dir='ltr'><em>ἐφ’</em></span> <span class='ocrx_word' id='word_1_80' title='bbox 906 1234 1024 1320; x_wconf 80' lang='grc' dir='ltr'><em>ἑαυτά,</em></span> <span class='ocrx_word' id='word_1_81' title='bbox 1048 1241 1158 1320; x_wconf 87' lang='grc' dir='ltr'><em>γίνου·</em></span> <span class='ocrx_word' id='word_1_82' title='bbox 1174 1265 1201 1304; x_wconf 89' lang='lat'><em>10</em></span> 
     </span>
     <span class='ocr_line' id='line_1_12' title="bbox 137 1341 1160 1431; baseline 0.002 -24"><span class='ocrx_word' id='word_1_83' title='bbox 137 1365 193 1407; x_wconf 90' lang='grc' dir='ltr'><em>ται</em></span> <span class='ocrx_word' id='word_1_84' title='bbox 216 1345 248 1429; x_wconf 80' lang='grc' dir='ltr'><em>ρ·</em></span> <span class='ocrx_word' id='word_1_85' title='bbox 276 1352 379 1408; x_wconf 87' lang='grc' dir='ltr'><em>ταῦτα</em></span> <span class='ocrx_word' id='word_1_86' title='bbox 402 1341 455 1408; x_wconf 79' lang='grc' dir='ltr'><em>ἐπὶ</em></span> <span class='ocrx_word' id='word_1_87' title='bbox 478 1344 518 1408; x_wconf 84' lang='grc' dir='ltr'><em>τά</em></span> <span class='ocrx_word' id='word_1_88' title='bbox 540 1345 590 1426; x_wconf 61' lang='lat' dir='ltr'><em>ia,</em></span> <span class='ocrx_word' id='word_1_89' title='bbox 618 1344 863 1431; x_wconf 46' lang='lat' dir='ltr'><em>yffvovtatJbb·</em></span> <span class='ocrx_word' id='word_1_90' title='bbox 891 1345 1020 1410; x_wconf 87' lang='grc' dir='ltr'><em>τούτων</em></span> <span class='ocrx_word' id='word_1_91' title='bbox 1043 1346 1080 1409; x_wconf 90' lang='grc' dir='ltr'><em>τὸ</em></span> <span class='ocrx_word' id='word_1_92' title='bbox 1104 1342 1160 1427; x_wconf 52' lang='grc' dir='ltr'><em>ιὺζ</em></span> 
     </span>
     <span class='ocr_line' id='line_1_13' title="bbox 139 1437 1160 1536; baseline 0.002 -23"><span class='ocrx_word' id='word_1_93' title='bbox 139 1452 180 1532; x_wconf 66' lang='grc' dir='ltr'><em>ο-ιγ</em></span> <span class='ocrx_word' id='word_1_94' title='bbox 194 1448 223 1525; x_wconf 70' lang='lat' dir='ltr'><em>L&#39;</em></span> <span class='ocrx_word' id='word_1_95' title='bbox 238 1446 295 1513; x_wconf 78' lang='grc' dir='ltr'><em>ιδ’·</em></span> <span class='ocrx_word' id='word_1_96' title='bbox 318 1459 421 1515; x_wconf 83' lang='grc' dir='ltr'><em>ταῦτα</em></span> <span class='ocrx_word' id='word_1_97' title='bbox 439 1451 598 1536; x_wconf 76' lang='grc' dir='ltr'><em>τετράκις,</em></span> <span class='ocrx_word' id='word_1_98' title='bbox 621 1453 774 1534; x_wconf 91' lang='grc' dir='ltr'><em>γίνονται</em></span> <span class='ocrx_word' id='word_1_99' title='bbox 792 1437 891 1515; x_wconf 47' lang='lat' dir='ltr'><em>{M</em></span> <span class='ocrx_word' id='word_1_100' title='bbox 907 1448 971 1535; x_wconf 79' lang='grc' dir='ltr'><em>κη’·</em></span> <span class='ocrx_word' id='word_1_101' title='bbox 995 1459 1160 1516; x_wconf 86' lang='grc' dir='ltr'><em>τοσοῦτον</em></span> 
     </span>
     <span class='ocr_line' id='line_1_14' title="bbox 137 1556 614 1643; baseline 0.008 -23"><span class='ocrx_word' id='word_1_102' title='bbox 137 1556 158 1639; x_wconf 78' lang='grc' dir='ltr'><em>ἡ</em></span> <span class='ocrx_word' id='word_1_103' title='bbox 182 1557 359 1639; x_wconf 86' lang='grc' dir='ltr'><em>ἐπιφάνεια</em></span> <span class='ocrx_word' id='word_1_104' title='bbox 380 1566 439 1641; x_wconf 74' lang='grc' dir='ltr'><em>τῆς</em></span> <span class='ocrx_word' id='word_1_105' title='bbox 462 1561 614 1643; x_wconf 79' lang='grc' dir='ltr'><strong><em>σφαίρας.</em></strong></span> 
     </span>
    </p>

    <p class='ocr_par' dir='ltr' id='par_1_5' title="bbox 95 1659 1201 2601">
     <span class='ocr_line' id='line_1_15' title="bbox 95 1659 1155 1749; baseline 0.001 -22"><span class='ocrx_word' id='word_1_106' title='bbox 95 1679 112 1727; x_wconf 85' lang='grc'>8</span> <span class='ocrx_word' id='word_1_107' title='bbox 210 1663 254 1728; x_wconf 86' lang='grc' dir='ltr'><em>Τὸ</em></span> <span class='ocrx_word' id='word_1_108' title='bbox 275 1659 311 1728; x_wconf 72' lang='grc' dir='ltr'><em>δέ</em></span> <span class='ocrx_word' id='word_1_109' title='bbox 325 1665 485 1728; x_wconf 75' lang='grc' dir='ltr'><em>πλινθίον</em></span> <span class='ocrx_word' id='word_1_110' title='bbox 500 1662 702 1747; x_wconf 78' lang='grc' dir='ltr'><em>συνέστηκεν</em></span> <span class='ocrx_word' id='word_1_111' title='bbox 717 1661 769 1728; x_wconf 80' lang='grc' dir='ltr'><em>ἐπὶ</em></span> <span class='ocrx_word' id='word_1_112' title='bbox 784 1664 890 1728; x_wconf 80' lang='grc' dir='ltr'><em>τῶνδε</em></span> <span class='ocrx_word' id='word_1_113' title='bbox 903 1672 970 1727; x_wconf 88' lang='grc' dir='ltr'><em>τῶν</em></span> <span class='ocrx_word' id='word_1_114' title='bbox 985 1661 1155 1749; x_wconf 81' lang='grc' dir='ltr'><em>ἀριθμῶν·</em></span> 
     </span>
     <span class='ocr_line' id='line_1_16' title="bbox 138 1755 1200 1857; baseline -0.001 -20"><span class='ocrx_word' id='word_1_115' title='bbox 138 1771 169 1852; x_wconf 75' lang='grc' dir='ltr'><em>ξ,</em></span> <span class='ocrx_word' id='word_1_116' title='bbox 188 1772 220 1853; x_wconf 76' lang='grc' dir='ltr'><em>ἦ,</em></span> <span class='ocrx_word' id='word_1_117' title='bbox 237 1756 275 1853; x_wconf 81' lang='grc' dir='ltr'><em>θ,</em></span> <span class='ocrx_word' id='word_1_118' title='bbox 300 1755 350 1853; x_wconf 56' lang='grc' dir='ltr'><em>ᾧ·</em></span> <span class='ocrx_word' id='word_1_119' title='bbox 370 1769 388 1834; x_wconf 87' lang='grc' dir='ltr'>ὁ</span> <span class='ocrx_word' id='word_1_120' title='bbox 407 1765 468 1853; x_wconf 74' lang='grc' dir='ltr'><em>μὲν</em></span> <span class='ocrx_word' id='word_1_121' title='bbox 489 1765 550 1834; x_wconf 84' lang='grc' dir='ltr'><em>οὖν</em></span> <span class='ocrx_word' id='word_1_122' title='bbox 569 1780 591 1854; x_wconf 75' lang='grc' dir='ltr'><strong><em>ἦ</em></strong></span> <span class='ocrx_word' id='word_1_123' title='bbox 609 1772 692 1856; x_wconf 87' lang='grc' dir='ltr'><em>πρὸς</em></span> <span class='ocrx_word' id='word_1_124' title='bbox 710 1773 771 1837; x_wconf 91' lang='grc' dir='ltr'><em>τὸν</em></span> <span class='ocrx_word' id='word_1_125' title='bbox 788 1772 809 1838; x_wconf 77' lang='grc' dir='ltr'>ξ</span> <span class='ocrx_word' id='word_1_126' title='bbox 828 1769 864 1834; x_wconf 83' lang='grc' dir='ltr'><em>έν</em></span> <span class='ocrx_word' id='word_1_127' title='bbox 884 1768 1036 1856; x_wconf 76' lang='grc' dir='ltr'><em>ἐπιτρίτῳ</em></span> <span class='ocrx_word' id='word_1_128' title='bbox 1056 1773 1157 1857; x_wconf 78' lang='grc' dir='ltr'><em>λόγῳ,</em></span> <span class='ocrx_word' id='word_1_129' title='bbox 1174 1795 1200 1836; x_wconf 83' lang='lat'><em>15</em></span> 
     </span>
     <span class='ocr_line' id='line_1_17' title="bbox 137 1861 1157 1962; baseline 0.001 -22"><span class='ocrx_word' id='word_1_130' title='bbox 137 1871 217 1941; x_wconf 89' lang='grc' dir='ltr'><em>καθ’</em></span> <span class='ocrx_word' id='word_1_131' title='bbox 243 1876 286 1961; x_wconf 79' lang='grc' dir='ltr'><em>ἣν</em></span> <span class='ocrx_word' id='word_1_132' title='bbox 308 1877 329 1960; x_wconf 79' lang='grc' dir='ltr'><em>ἡ</em></span> <span class='ocrx_word' id='word_1_133' title='bbox 354 1877 409 1941; x_wconf 83' lang='grc' dir='ltr'><em>ὑιά</em></span> <span class='ocrx_word' id='word_1_134' title='bbox 431 1877 602 1960; x_wconf 79' lang='grc' dir='ltr'><em>τεσσάρων</em></span> <span class='ocrx_word' id='word_1_135' title='bbox 626 1873 717 1941; x_wconf 77' lang='grc' dir='ltr'><em>ἐστὶν</em></span> <span class='ocrx_word' id='word_1_136' title='bbox 741 1875 898 1961; x_wconf 81' lang='grc' dir='ltr'><em>ἁρμονία·</em></span> <span class='ocrx_word' id='word_1_137' title='bbox 923 1875 940 1942; x_wconf 92' lang='grc' dir='ltr'>ὁ</span> <span class='ocrx_word' id='word_1_138' title='bbox 966 1872 1003 1940; x_wconf 72' lang='grc' dir='ltr'><em>δὲ</em></span> <span class='ocrx_word' id='word_1_139' title='bbox 1021 1861 1058 1961; x_wconf 55' lang='grc' dir='ltr'><em>ᾧ</em></span> <span class='ocrx_word' id='word_1_140' title='bbox 1075 1878 1157 1962; x_wconf 83' lang='grc' dir='ltr'><em>πρὸς</em></span> 
     </span>
     <span class='ocr_line' id='line_1_18' title="bbox 138 1977 1158 2068; baseline 0.003 -22"><span class='ocrx_word' id='word_1_141' title='bbox 138 1984 198 2047; x_wconf 92' lang='grc' dir='ltr'><em>τὸν</em></span> <span class='ocrx_word' id='word_1_142' title='bbox 220 1985 239 2052; x_wconf 77' lang='grc' dir='ltr'>ξ</span> <span class='ocrx_word' id='word_1_143' title='bbox 265 1981 301 2048; x_wconf 82' lang='grc' dir='ltr'><em>ἐν</em></span> <span class='ocrx_word' id='word_1_144' title='bbox 326 1983 504 2068; x_wconf 80' lang='grc' dir='ltr'><em>διπλασίῳ,</em></span> <span class='ocrx_word' id='word_1_145' title='bbox 532 1977 611 2048; x_wconf 86' lang='grc' dir='ltr'><em>καθ’</em></span> <span class='ocrx_word' id='word_1_146' title='bbox 638 1982 681 2065; x_wconf 77' lang='grc' dir='ltr'><em>ἣν</em></span> <span class='ocrx_word' id='word_1_147' title='bbox 704 1981 805 2066; x_wconf 70' lang='grc' dir='ltr'><em>ἡὺιά</em></span> <span class='ocrx_word' id='word_1_148' title='bbox 828 1993 993 2048; x_wconf 89' lang='grc' dir='ltr'><em>πασῶν..</em></span> <span class='ocrx_word' id='word_1_149' title='bbox 1008 1982 1158 2061; x_wconf 79' lang='grc' dir='ltr'><em>..ἕξεων</em></span> 
     </span>
     <span class='ocr_line' id='line_1_19' title="bbox 138 2033 1157 2220; baseline 0.002 -66"><span class='ocrx_word' id='word_1_150' title='bbox 138 2092 267 2173; x_wconf 82' lang='grc' dir='ltr'><em>ἔλεγχοι</em></span> <span class='ocrx_word' id='word_1_151' title='bbox 289 2088 425 2173; x_wconf 78' lang='grc' dir='ltr'><em>καὶτῆς</em></span> <span class='ocrx_word' id='word_1_152' title='bbox 448 2089 626 2220; x_wconf 77' lang='grc' dir='ltr'><em>ἀναλογίας</em></span> <span class='ocrx_word' id='word_1_153' title='bbox 654 2089 963 2175; x_wconf 75' lang='grc' dir='ltr'><em>άριθμητικῆςν</em></span> <span class='ocrx_word' id='word_1_154' title='bbox 902 2086 963 2174; x_wconf 73' lang='grc' dir='ltr'><em>μὲν</em></span> <span class='ocrx_word' id='word_1_155' title='bbox 987 2033 1022 2154; x_wconf 81' lang='grc' dir='ltr'><em>ἐκ</em></span> <span class='ocrx_word' id='word_1_156' title='bbox 1045 2101 1112 2154; x_wconf 87' lang='grc' dir='ltr'><em>τῶν</em></span> <span class='ocrx_word' id='word_1_157' title='bbox 1135 2093 1157 2158; x_wconf 78' lang='grc' dir='ltr'>ξ</span> 
     </span>
     <span class='ocr_line' id='line_1_20' title="bbox 137 2189 1154 2283; baseline 0.001 -23"><span class='ocrx_word' id='word_1_158' title='bbox 137 2195 193 2260; x_wconf 64' lang='lat' dir='ltr'><em>ml</em></span> <span class='ocrx_word' id='word_1_159' title='bbox 210 2202 237 2261; x_wconf 87' lang='grc' dir='ltr'><em>θ</em></span> <span class='ocrx_word' id='word_1_160' title='bbox 255 2195 309 2260; x_wconf 80' lang='grc' dir='ltr'><em>καὶ</em></span> <span class='ocrx_word' id='word_1_161' title='bbox 329 2199 376 2279; x_wconf 80' lang='grc' dir='ltr'><em>ιβ·</em></span> <span class='ocrx_word' id='word_1_162' title='bbox 400 2189 450 2274; x_wconf 81' lang='grc' dir='ltr'><em>οἷς</em></span> <span class='ocrx_word' id='word_1_163' title='bbox 467 2198 531 2283; x_wconf 81' lang='grc' dir='ltr'><em>γάρ</em></span> <span class='ocrx_word' id='word_1_164' title='bbox 551 2195 593 2262; x_wconf 84' lang='grc' dir='ltr'><em>άν</em></span> <span class='ocrx_word' id='word_1_165' title='bbox 611 2195 753 2282; x_wconf 75' lang='grc' dir='ltr'><em>ὑπερέχῃ</em></span> <span class='ocrx_word' id='word_1_166' title='bbox 773 2195 791 2262; x_wconf 85' lang='grc' dir='ltr'>ὁ</span> <span class='ocrx_word' id='word_1_167' title='bbox 810 2195 909 2281; x_wconf 82' lang='grc' dir='ltr'><em>μέσος</em></span> <span class='ocrx_word' id='word_1_168' title='bbox 927 2205 988 2262; x_wconf 91' lang='grc' dir='ltr'><em>τοῦ</em></span> <span class='ocrx_word' id='word_1_169' title='bbox 1008 2197 1154 2282; x_wconf 82' lang='grc' dir='ltr'><em>πρώτου,</em></span> 
     </span>
     <span class='ocr_line' id='line_1_21' title="bbox 137 2301 1201 2388; baseline 0.004 -22"><span class='ocrx_word' id='word_1_170' title='bbox 137 2303 310 2379; x_wconf 83' lang='grc' dir='ltr'><em>τοσούτοις</em></span> <span class='ocrx_word' id='word_1_171' title='bbox 337 2302 529 2388; x_wconf 83' lang='grc' dir='ltr'><em>ὑπερέχεται</em></span> <span class='ocrx_word' id='word_1_172' title='bbox 555 2312 616 2369; x_wconf 87' lang='grc' dir='ltr'><em>τοῦ</em></span> <span class='ocrx_word' id='word_1_173' title='bbox 642 2307 845 2368; x_wconf 89' lang='grc' dir='ltr'><em>τελευταίου.</em></span> <span class='ocrx_word' id='word_1_174' title='bbox 886 2305 1089 2388; x_wconf 76' lang='grc' dir='ltr'><em>γεωμετρικὴ</em></span> <span class='ocrx_word' id='word_1_175' title='bbox 1121 2301 1201 2370; x_wconf 74' lang='grc' dir='ltr'><em>ὑὲεο</em></span> 
     </span>
     <span class='ocr_line' id='line_1_22' title="bbox 137 2409 1156 2495; baseline 0.004 -21"><span class='ocrx_word' id='word_1_176' title='bbox 137 2409 158 2494; x_wconf 80' lang='grc' dir='ltr'><em>ἡ</em></span> <span class='ocrx_word' id='word_1_177' title='bbox 181 2421 248 2474; x_wconf 92' lang='grc' dir='ltr'><em>τῶν</em></span> <span class='ocrx_word' id='word_1_178' title='bbox 271 2409 459 2494; x_wconf 85' lang='grc' dir='ltr'><em>τεσσάρων·</em></span> <span class='ocrx_word' id='word_1_179' title='bbox 482 2409 522 2475; x_wconf 84' lang='grc' dir='ltr'><em>ὃν</em></span> <span class='ocrx_word' id='word_1_180' title='bbox 545 2411 608 2495; x_wconf 84' lang='grc' dir='ltr'><em>γάρ</em></span> <span class='ocrx_word' id='word_1_181' title='bbox 633 2412 736 2493; x_wconf 84' lang='grc' dir='ltr'><em>λόγον</em></span> <span class='ocrx_word' id='word_1_182' title='bbox 760 2411 826 2493; x_wconf 81' lang='grc' dir='ltr'><em>ἔχει</em></span> <span class='ocrx_word' id='word_1_183' title='bbox 848 2409 888 2472; x_wconf 82' lang='grc' dir='ltr'><em>τά</em></span> <span class='ocrx_word' id='word_1_184' title='bbox 912 2419 935 2492; x_wconf 72' lang='grc' dir='ltr'><em>ἦ</em></span> <span class='ocrx_word' id='word_1_185' title='bbox 955 2411 1039 2495; x_wconf 82' lang='grc' dir='ltr'><em>πρὸς</em></span> <span class='ocrx_word' id='word_1_186' title='bbox 1062 2411 1102 2474; x_wconf 85' lang='grc' dir='ltr'><em>τά</em></span> <span class='ocrx_word' id='word_1_187' title='bbox 1126 2412 1156 2493; x_wconf 76' lang='grc' dir='ltr'><em>ξ,</em></span> 
     </span>
     <span class='ocr_line' id='line_1_23' title="bbox 136 2502 1157 2601; baseline 0 -21"><span class='ocrx_word' id='word_1_188' title='bbox 136 2502 1060 2601; x_wconf 49' lang='lat' dir='ltr'><em>mmwwfflwwwffbffimwmmm</em></span> <span class='ocrx_word' id='word_1_189' title='bbox 1074 2566 1157 2582; x_wconf 91' lang='grc'><em>.....</em></span> 
     </span>
    </p>

    <p class='ocr_par' dir='ltr' id='par_1_6' title="bbox 95 2618 1198 3135">
     <span class='ocr_line' id='line_1_24' title="bbox 95 2618 1159 2710; baseline 0 -24"><span class='ocrx_word' id='word_1_190' title='bbox 95 2645 138 2694; x_wconf 81' lang='lat' dir='ltr'><em>9a</em></span> <span class='ocrx_word' id='word_1_191' title='bbox 199 2618 419 2707; x_wconf 89' lang='grc' dir='ltr'><em>Ἡμικυκλίου</em></span> <span class='ocrx_word' id='word_1_192' title='bbox 447 2625 557 2710; x_wconf 85' lang='grc' dir='ltr'><em>λώρου</em></span> <span class='ocrx_word' id='word_1_193' title='bbox 589 2632 650 2688; x_wconf 84' lang='grc' dir='ltr'><em>τοῦ</em></span> <span class='ocrx_word' id='word_1_194' title='bbox 683 2621 865 2706; x_wconf 77' lang='grc' dir='ltr'><em>λεγομένου</em></span> <span class='ocrx_word' id='word_1_195' title='bbox 894 2620 914 2705; x_wconf 79' lang='grc' dir='ltr'><em>ἡ</em></span> <span class='ocrx_word' id='word_1_196' title='bbox 944 2622 1159 2706; x_wconf 80' lang='grc' dir='ltr'><em>ὑιάμετροςζ</em></span> 
     </span>
     <span class='ocr_line' id='line_1_25' title="bbox 137 2726 1155 2814; baseline 0.001 -21"><span class='ocrx_word' id='word_1_197' title='bbox 137 2726 192 2794; x_wconf 85' lang='grc' dir='ltr'><em>καὶ</em></span> <span class='ocrx_word' id='word_1_198' title='bbox 215 2731 254 2794; x_wconf 82' lang='grc' dir='ltr'><em>τά</em></span> <span class='ocrx_word' id='word_1_199' title='bbox 277 2729 364 2814; x_wconf 82' lang='grc' dir='ltr'><em>πάχη</em></span> <span class='ocrx_word' id='word_1_200' title='bbox 383 2729 447 2795; x_wconf 78' lang='grc' dir='ltr'><em>ἀνά</em></span> <span class='ocrx_word' id='word_1_201' title='bbox 465 2734 496 2814; x_wconf 83' lang='grc' dir='ltr'><em>β.</em></span> <span class='ocrx_word' id='word_1_202' title='bbox 537 2731 662 2807; x_wconf 85' lang='grc' dir='ltr'><em>σύνθες</em></span> <span class='ocrx_word' id='word_1_203' title='bbox 681 2731 742 2813; x_wconf 81' lang='grc' dir='ltr'><em>τὴν</em></span> <span class='ocrx_word' id='word_1_204' title='bbox 762 2728 939 2814; x_wconf 80' lang='grc' dir='ltr'><em>διάμετρον</em></span> <span class='ocrx_word' id='word_1_205' title='bbox 958 2727 1013 2794; x_wconf 79' lang='grc' dir='ltr'><em>καὶ</em></span> <span class='ocrx_word' id='word_1_206' title='bbox 1033 2730 1072 2793; x_wconf 87' lang='grc' dir='ltr'><em>τὰ</em></span> <span class='ocrx_word' id='word_1_207' title='bbox 1092 2729 1155 2794; x_wconf 80' lang='grc' dir='ltr'><em>δύο</em></span> 
     </span>
     <span class='ocr_line' id='line_1_26' title="bbox 137 2833 1198 2921; baseline 0 -20"><span class='ocrx_word' id='word_1_208' title='bbox 137 2837 235 2920; x_wconf 82' lang='grc' dir='ltr'><em>πάχη,</em></span> <span class='ocrx_word' id='word_1_209' title='bbox 259 2839 410 2920; x_wconf 90' lang='grc' dir='ltr'><em>γίνονται</em></span> <span class='ocrx_word' id='word_1_210' title='bbox 429 2857 475 2902; x_wconf 93' lang='grc' dir='ltr'><em>ια·</em></span> <span class='ocrx_word' id='word_1_211' title='bbox 496 2845 598 2902; x_wconf 88' lang='grc' dir='ltr'><em>ταῦτα</em></span> <span class='ocrx_word' id='word_1_212' title='bbox 617 2833 713 2919; x_wconf 82' lang='grc' dir='ltr'><em>ἐφ’</em></span> <span class='ocrx_word' id='word_1_213' title='bbox 696 2835 806 2919; x_wconf 82' lang='grc' dir='ltr'><em>εαυτά,</em></span> <span class='ocrx_word' id='word_1_214' title='bbox 825 2838 977 2918; x_wconf 92' lang='grc' dir='ltr'><em>γίνονται</em></span> <span class='ocrx_word' id='word_1_215' title='bbox 997 2854 1072 2921; x_wconf 89' lang='grc' dir='ltr'><em>ρκα·</em></span> <span class='ocrx_word' id='word_1_216' title='bbox 1092 2835 1156 2900; x_wconf 87' lang='grc' dir='ltr'><em>άπὸ</em></span> <span class='ocrx_word' id='word_1_217' title='bbox 1172 2861 1198 2902; x_wconf 80' lang='grc' dir='ltr'><em>οε</em></span> 
     </span>
     <span class='ocr_line' id='line_1_27' title="bbox 136 2937 1156 3027; baseline 0 -21"><span class='ocrx_word' id='word_1_218' title='bbox 136 2944 267 3007; x_wconf 89' lang='grc' dir='ltr'><em>τούτων</em></span> <span class='ocrx_word' id='word_1_219' title='bbox 289 2944 431 3026; x_wconf 83' lang='grc' dir='ltr'><em>ὑφειλον</em></span> <span class='ocrx_word' id='word_1_220' title='bbox 458 2944 519 3027; x_wconf 82' lang='grc' dir='ltr'><em>τὴν</em></span> <span class='ocrx_word' id='word_1_221' title='bbox 548 2943 727 3027; x_wconf 74' lang='grc' dir='ltr'><em>διάμετρον</em></span> <span class='ocrx_word' id='word_1_222' title='bbox 755 2937 808 3026; x_wconf 79' lang='grc' dir='ltr'><em>ἐφ’</em></span> <span class='ocrx_word' id='word_1_223' title='bbox 836 2939 971 3026; x_wconf 82' lang='grc' dir='ltr'><em>ἑαυτήν,</em></span> <span class='ocrx_word' id='word_1_224' title='bbox 1004 2945 1156 3025; x_wconf 92' lang='grc' dir='ltr'><em>γίνονται</em></span> 
     </span>
     <span class='ocr_line' id='line_1_28' title="bbox 138 3047 1153 3135; baseline 0 -21"><span class='ocrx_word' id='word_1_225' title='bbox 138 3047 1153 3135; x_wconf 52' lang='lat' dir='ltr'><em>gw,mww·wmffimmfflmmffiss·mw</em></span> 
     </span>
    </p>
   </div>
   <div class='ocr_carea' id='block_1_3' title="bbox 211 3275 1155 3348">
    <p class='ocr_par' dir='ltr' id='par_1_7' title="bbox 211 3275 1155 3348">
     <span class='ocr_line' id='line_1_29' title="bbox 211 3275 1155 3348; baseline -0.002 -16"><span class='ocrx_word' id='word_1_226' title='bbox 211 3284 235 3332; x_wconf 85' lang='grc'><em>6.</em></span> <span class='ocrx_word' id='word_1_227' title='bbox 255 3277 295 3332; x_wconf 87' lang='lat' dir='ltr'><em>Cf.</em></span> <span class='ocrx_word' id='word_1_228' title='bbox 306 3277 402 3334; x_wconf 85' lang='lat' dir='ltr'><strong>Geom.</strong></span> <span class='ocrx_word' id='word_1_229' title='bbox 414 3283 483 3348; x_wconf 80' lang='lat'>93‚2</span> <span class='ocrx_word' id='word_1_230' title='bbox 499 3275 528 3332; x_wconf 72' lang='grc' dir='ltr'><em>ελ</em></span> <span class='ocrx_word' id='word_1_231' title='bbox 542 3283 567 3332; x_wconf 86' lang='grc'><em>8.</em></span> <span class='ocrx_word' id='word_1_232' title='bbox 583 3310 617 3317; x_wconf 92' lang='grc'><strong>-</strong></span> <span class='ocrx_word' id='word_1_233' title='bbox 633 3283 648 3332; x_wconf 83' lang='grc'><strong>7</strong></span> <span class='ocrx_word' id='word_1_234' title='bbox 665 3304 697 3322; x_wconf 98' lang='lat'>=</span> <span class='ocrx_word' id='word_1_235' title='bbox 713 3279 784 3333; x_wconf 76' lang='lat' dir='ltr'><strong>Ster.</strong></span> <span class='ocrx_word' id='word_1_236' title='bbox 795 3277 816 3347; x_wconf 79' lang='grc' dir='ltr'><em>Ι,</em></span> <span class='ocrx_word' id='word_1_237' title='bbox 828 3282 852 3332; x_wconf 83' lang='grc'><em>5.</em></span> <span class='ocrx_word' id='word_1_238' title='bbox 868 3309 901 3318; x_wconf 90' lang='grc'>-</span> <span class='ocrx_word' id='word_1_239' title='bbox 916 3283 932 3330; x_wconf 86' lang='grc'>8</span> <span class='ocrx_word' id='word_1_240' title='bbox 949 3305 982 3323; x_wconf 87' lang='grc'><em>--</em></span> <span class='ocrx_word' id='word_1_241' title='bbox 998 3279 1068 3334; x_wconf 73' lang='lat' dir='ltr'>Ster.</span> <span class='ocrx_word' id='word_1_242' title='bbox 1081 3278 1102 3346; x_wconf 85' lang='lat'><em>1,</em></span> <span class='ocrx_word' id='word_1_243' title='bbox 1112 3282 1155 3331; x_wconf 83' lang='lat'><em>30.</em></span> 
     </span>
    </p>
   </div>
   <div class='ocr_carea' id='block_1_4' title="bbox 192 3490 1154 3645">
    <p class='ocr_par' dir='ltr' id='par_1_8' title="bbox 192 3490 1154 3645">
     <span class='ocr_line' id='line_1_30' title="bbox 211 3490 1154 3561; baseline 0.001 -16"><span class='ocrx_word' id='word_1_244' title='bbox 211 3497 227 3545; x_wconf 82' lang='lat'>5</span> <span class='ocrx_word' id='word_1_245' title='bbox 247 3492 278 3547; x_wconf 85' lang='grc' dir='ltr'><em>τὸ</em></span> <span class='ocrx_word' id='word_1_246' title='bbox 297 3490 422 3547; x_wconf 84' lang='grc' dir='ltr'><em>κάθετον</em></span> <span class='ocrx_word' id='word_1_247' title='bbox 441 3493 474 3548; x_wconf 86' lang='grc' dir='ltr'><em>Α.</em></span> <span class='ocrx_word' id='word_1_248' title='bbox 508 3492 650 3546; x_wconf 77' lang='lat' dir='ltr'>Lacunam</span> <span class='ocrx_word' id='word_1_249' title='bbox 669 3490 758 3546; x_wconf 74' lang='lat' dir='ltr'>statui</span> <span class='ocrx_word' id='word_1_250' title='bbox 778 3490 858 3561; x_wconf 70' lang='lat' dir='ltr'><strong>(item</strong></span> <span class='ocrx_word' id='word_1_251' title='bbox 876 3491 950 3547; x_wconf 77' lang='lat' dir='ltr'><strong>infra</strong></span> <span class='ocrx_word' id='word_1_252' title='bbox 967 3491 986 3547; x_wconf 92' lang='grc'><em>1.</em></span> <span class='ocrx_word' id='word_1_253' title='bbox 1004 3498 1035 3546; x_wconf 81' lang='grc'><em>17</em></span> <span class='ocrx_word' id='word_1_254' title='bbox 1057 3493 1086 3545; x_wconf 70' lang='lat' dir='ltr'><em>et</em></span> <span class='ocrx_word' id='word_1_255' title='bbox 1100 3491 1154 3560; x_wconf 71' lang='grc' dir='ltr'><em>λλ).</em></span> 
     </span>
     <span class='ocr_line' id='line_1_31' title="bbox 192 3587 995 3645; baseline 0.002 -14"><span class='ocrx_word' id='word_1_256' title='bbox 192 3591 365 3645; x_wconf 69' lang='lat' dir='ltr'><strong>mmmm,</strong></span> <span class='ocrx_word' id='word_1_257' title='bbox 378 3591 412 3634; x_wconf 75' lang='lat' dir='ltr'><em>ed.</em></span> <span class='ocrx_word' id='word_1_258' title='bbox 428 3593 541 3634; x_wconf 76' lang='grc' dir='ltr'><em>Τεοιιετ</em></span> <span class='ocrx_word' id='word_1_259' title='bbox 546 3604 567 3642; x_wconf 85' lang='lat' dir='ltr'><em>y.</em></span> <span class='ocrx_word' id='word_1_260' title='bbox 590 3592 622 3632; x_wconf 90' lang='lat'><em>11.</em></span> <span class='ocrx_word' id='word_1_261' title='bbox 979 3587 995 3633; x_wconf 76' lang='lat'><strong>2</strong></span> 
     </span>
    </p>
   </div>
   <div class='ocr_carea' id='block_1_5' title="bbox 0 0 1290 3988">
    <p class='ocr_par' dir='ltr' id='par_1_9' title="bbox 0 0 1290 3988">
     <span class='ocr_line' id='line_1_32' title="bbox 0 0 1290 3988; baseline 0 2"><span class='ocrx_word' id='word_1_262' title='bbox 0 0 1290 3988; x_wconf 95' lang='lat' dir='ltr'><em> </em></span> 
     </span>
    </p>
   </div>
  </div>
 </body>
</html>
