2578 3984
192 204 236 268 64
336 204 384 257 DE
403 202 614 260 DIOPHANTO
634 203 859 259 TESTIMONIA
876 204 1063 264 VETERUM.

192 369 224 432 εί
245 365 275 432 δ’
303 367 402 450 άμφω
426 369 490 432 σὺν
515 364 588 450 ἐμοὶ
610 364 766 452 προχέειν
790 368 872 454 ῥόου
896 366 998 453 ἑσμὸν
1022 367 1174 452 άνύγοις,

236 475 287 538 είν
311 472 406 557 ὀλίγη
430 475 531 560 μοίρη
554 474 724 558 πλησομεν
746 473 877 559 ἠματίη.

259 599 443 683 Σχύλιου.
484 594 552 661 Καὶ
578 605 676 662 τοῦτο
710 596 831 681 ὁμοίως
862 596 1058 681 ἐφοδεύεται
1085 607 1131 690 τῷ
1159 603 1195 678 ιζ»

193 707 248 770 διὰ
266 713 327 770 τοῦ
347 711 412 769 ιθω)
430 714 498 769 τῶν
516 706 700 789 Στοιχείων
717 713 778 769 τοῦ
798 707 841 782 §⁰¹²
859 705 992 787 βιβλίου
1010 704 1203 772 Εὐκλείδου.

165 815 261 877 εέστι
284 813 348 896 γάρ
372 810 457 895 ὁμοῦ
479 820 547 874 τῶν
570 821 673 896 τριῶν
695 810 716 894 ἡ
740 811 858 894 άφεσις
879 825 919 878 55
934 813 970 875 ιὀι
992 809 1048 877 καὶ
1077 814 1205 898 πληρώ-

191 989 311 1038 σουσιν
335 970 371 1036 έν
395 971 483 1055 ὥρας
505 968 639 1055 μέρεσιν
662 927 716 1034 ιίίῖ·
747 968 916 1054 βασιλεύει
942 971 1006 1055 γάρ
1035 972 1054 1037 ὁ
1078 969 1140 1056 μὲν
1163 983 1205 1036 αος

191 1130 246 1198 καὶ
270 1129 423 1217 μέγιστος
445 1129 500 1196 καὶ
522 1129 689 1216 πληρώσει
712 1129 752 1193 τά
775 1139 832 1213 τῆς
855 1128 1035 1215 ὃεξαμενῆς
1057 1089 1110 1216 ύίλ,
1134 1131 1152 1197 ὁ
1172 1129 1206 1196 δὲ

191 1295 238 1376 βοΐ
261 1249 305 1375 ίβ,
330 1291 348 1357 ὁ
372 1287 410 1356 δὲ
432 1301 479 1374 νος
498 1248 532 1374 Z,
556 1288 642 1374 ὁμοῦ
665 1290 718 1373 μβ.
761 1290 796 1354 οί
815 1290 879 1374 γάρ
902 1299 990 1375 τρεῖς
1015 1290 1101 1374 ὁμοῦ
1127 1291 1207 1377 πρὸς

190 1401 250 1464 τὸν
280 1397 436 1481 μέγιστον
474 1400 575 1479 λόγον
613 1398 749 1481 ἔχουσιν
782 1396 822 1461 ὃν
853 1397 893 1461 τὰ
924 1399 960 1462 ῆι
992 1399 1075 1483 πρὸς
1107 1399 1148 1463 τὰ
1178 1400 1207 1482 ξ,

152 1528 178 1567 10
191 1503 342 1571 τουτέστι
364 1507 404 1570 τὰ
430 1490 477 1589 μβ
502 1503 585 1587 πρὸς
607 1503 648 1567 τά
673 1488 730 1569 κβ·
762 1504 799 1567 τὸ
828 1503 892 1589 άροι
919 1503 984 1569 ὑπὸ
1011 1515 1080 1569 τῶν
1108 1515 1207 1591 τριῶν

190 1610 245 1677 καὶ
268 1598 310 1677 κθ
334 1617 408 1676 ῖσον
431 1618 476 1699 τῷ
499 1610 564 1676 ὑπὸ
589 1620 650 1676 τοῦ
673 1612 829 1695 μεγίστου
852 1609 908 1676 καλ
929 1597 984 1694 μβ.

606 1847 634 1888 κ.
666 1821 788 1908 άλλο.1)
846 1817 850 1824 ’

190 1950 340 2027 Κύκλωψ
363 1948 426 2032 ἐγὼ
450 1949 682 2034 λΠολύφημος
705 1947 891 2032 ὁχάλκεος·
915 1938 970 2012 οἷα
988 1943 1021 2012 δ’
1044 1945 1095 2012 ἐπ’
1119 1947 1206 2036 αύτῷ

234 2055 330 2134 τεῦξέ
349 2079 399 2132 τις
422 2056 602 2141 ὀφθαλμὸν
624 2052 681 2120 καὶ
704 2057 809 2137 στόμα
831 2051 886 2119 καλ
909 2054 1063 2138 παλάμην

151 2181 176 2222 15
189 2174 346 2249 κρουνοῖς
370 2162 535 2245 συζεύξας,
560 2162 711 2240 στάζοντι
735 2158 772 2226 δὲ
794 2161 931 2246 πάμπαν
954 2162 1062 2226 ἔοικεν

233 2264 291 2353 ἠδ’
317 2273 364 2335 ἔτι
386 2267 443 2335 κοιλ
465 2270 595 2354 βλύζων
619 2264 747 2353 φαίνετ’
775 2268 839 2332 άπὸ
864 2270 1038 2352 στόματος·

189 2387 343 2464 κρουνῶν
358 2371 391 2442 δ’
408 2377 449 2443 ού
463 2399 512 2452 τις
526 2377 676 2452 άτακτος·
692 2375 709 2442 ὁ
725 2371 786 2459 μὲν
801 2376 953 2459 παλάμης
966 2372 1054 2462 τρισὶ
1068 2376 1208 2459 μούνοις

233 2484 357 2568 ἤμασιν
381 2483 539 2568 ἐμπλήσει
563 2480 746 2566 δεξαμενὴν
769 2479 934 2567 προρέων,

190 2590 326 2675 ἠμάτιος
348 2592 483 2674 γλήνης,
508 2591 612 2673 στόμα
636 2585 666 2651 δ’
693 2589 818 2672 ἤματος
841 2587 878 2653 ἐν
903 2589 965 2654 δύο
988 2587 1163 2671 πέμπτοις·

151 2717 177 2756 εο
235 2699 284 2773 τίς
307 2694 337 2761 κ’
363 2695 475 2762 ἐνέποι
497 2705 645 2781 τρισσοῖς
669 2689 724 2758 ἶσοι
747 2693 871 2760 θέοντα
894 2696 1032 2780 χρόνους

257 2822 439 2904 Σχύλιον.
481 2817 549 2884 Καὶ
572 2828 670 2884 τοῦτο
695 2819 812 2904 ὅμοιον
830 2827 876 2907 τῷ
897 2826 963 2884 ιθῖ.
995 2820 1208 2904 εὑρίσκονται

190 2929 253 3014 γάρ
273 2938 361 3013 τρεῖς
379 2924 520 3012 ἀριθμοὶ
539 2924 575 2990 ἐν
594 2928 682 3014 λόγῳ
702 2924 857 3011 ἀριθμῶν
876 2925 1058 3010 ἐλαχίστων
1077 2930 1115 2992 ii.
1132 2929 1160 2996 ξ.
1175 2913 1207 3013 β,

192 3034 277 3119 ὁμοῦ
296 3037 349 3114 τῷ·
372 3031 427 3099 καὶ
446 3035 572 3116 γίνεται
592 3032 677 3117 ὁμοῦ
695 3043 763 3098 τῶν
779 3043 883 3119 τριῶν
901 3033 941 3097 τὰ
960 3033 1085 3118 μεγέθη
1100 3051 1140 3104 ss
1155 3047 1207 3121 κη.

191 3142 250 3207 ἐὰν
270 3135 331 3206 οὖν
349 3141 540 3225 ποιήσωμεν
559 3140 604 3217 ὡς
621 3142 681 3205 τὸν
699 3143 741 3223 κν
758 3142 841 3225 πρὸς
859 3141 918 3205 τὸν
936 3143 967 3224 ξ,
993 3140 1098 3218 οὕτως
1119 3143 1207 3228 ὥρας

263 3335 289 3402 1)
308 3331 359 3400 Ep.
374 3331 447 3402 XIV,
463 3337 523 3390 132,
555 3331 627 3388 Vide
646 3349 730 3402 supra
752 3351 779 3402 p.
799 3339 833 3389 46
852 3333 998 3403 problema
1014 3339 1046 3390 19
1065 3333 1207 3390 Metrodo-

191 3420 269 3458 reum
281 3430 314 3450 =
331 3403 381 3472 Ep.
397 3402 468 3473 XIV,
485 3409 507 3460 7.

263 3587 277 3634 1
299 3578 365 3653 βύον
384 3582 414 3637 P.
488 3589 503 3638 6
523 3583 635 3654 βασιλεῖ
648 3583 680 3651 P,
700 3582 863 3638 dubitanter
881 3582 995 3640 correxi.
