2578 3984
368 239 617 296 PACHYMERAE
636 240 894 297 PARAPHRASIS.
1096 241 1139 306 85

192 419 241 470 κς.
274 399 366 468 Ἐπεὶ
390 400 427 468 δὲ
449 409 585 469 πλείστα
613 407 789 489 συμβαίνει
816 408 973 488 γίνεσθαι
995 408 1140 490 προβλή-

122 532 211 594 ματα
239 508 456 594 ἀριθμητικά,
484 510 505 594 ή
534 509 566 588 ἐξ
593 510 758 596 ὑπεροχῆς
784 521 843 595 τῇς
869 513 952 595 πρὸς
976 511 1140 594 ἀλλήλους

120 619 204 694 τοὺς
227 615 403 701 ἀρνθμούς,
427 617 447 701 ή
467 616 502 682 έκ
520 622 837 702 πολλαπλασιαομοῦ
856 618 877 702 ή
897 617 1012 703 ἑτέρου
1034 621 1139 701 λόγου

120 731 184 788 τοῦ
207 724 290 808 πρὸς
313 723 491 807 ἀλλήλους,
514 724 535 807 ή
558 722 613 789 καὶ
637 723 777 790 ἑκάστου
801 727 871 811 ίδίηι
893 725 914 809 ἢ
937 723 992 790 καί
1016 726 1139 809 μίγδην

122 829 334 916 ἀμφοτέρων,
360 830 516 914 δηλονότι
539 829 573 908 ἐξ
598 830 760 915 ὑπεροχῆς
783 829 838 895 καὶ
859 833 972 914 λόγου,
996 830 1016 914 ή
1036 835 1139 913 λόγου
1166 853 1180 893 5

121 934 179 1001 καὶ
204 940 356 1016 λείψεως,
387 935 596 1024 ήὺπεροχῇς
618 935 673 1001 καὶ
697 941 1030 1020 πολλαπλασιασμοῦ,
1059 935 1139 1022 φέρε

122 1040 178 1107 καὶ
203 1041 279 1123 περὶ
301 1044 431 1108 τούτων
455 1043 500 1120 ὡς
523 1042 560 1108 ἐν
582 1043 675 1131 τὺπφ
699 1044 910 1129 διαλάβωμεν
928 1042 983 1108 καὶ
1005 1055 1139 1128 πρῶτον

123 1147 291 1232 περὶτῶν
315 1149 348 1228 ἐξ
372 1149 548 1234 ὑπεροχῆς·
573 1142 647 1215 οἷον
667 1151 727 1215 τὸν
750 1149 969 1236 έπιταχθέντα
992 1151 1140 1239 ἀριθμὸν

124 1257 250 1321 διελεῖν
283 1255 319 1320 έν
349 1256 494 1340 ὑπεροχῇ
527 1258 621 1341 τῇδε,
654 1257 710 1321 ἵνα
743 1260 898 1342 δηλονότι
930 1269 998 1323 τῶν
1029 1269 1139 1343 μερῶν

122 1363 271 1448 θάτερον
293 1361 441 1446 θατέρου
463 1362 619 1447 ὑπερέχοι
642 1364 728 1454 τῷδε
751 1367 796 1452 τῷ
821 1364 965 1452 ἀριθμῶ.
1154 1386 1181 1426 ιο

183 1468 256 1535 Ὅτε
279 1478 364 1553 γοῦν
387 1493 437 1546 τις
460 1467 604 1554 ἀριθμὸς
632 1471 720 1554 δοθῇ
743 1469 799 1535 καὶ
824 1470 1052 1556 έπιταχθῶμεν
1077 1472 1139 1535 διε-

123 1581 197 1641 λεῖν
221 1576 324 1642 αὐτὸν
348 1575 397 1651 είς
418 1574 480 1638 δύο
505 1573 673 1659 ἀριθμοὺς
696 1575 732 1640 ἐν
756 1575 901 1660 ὑπεροχῇ
924 1583 964 1660 τῇ
988 1577 1139 1662 δοθείση,

124 1675 200 1748 οἷον
223 1682 305 1767 φέρε
327 1683 387 1747 τὸν
410 1691 432 1763 ρ
455 1679 492 1745 έν
510 1680 656 1766 ὑπεροχῇ
678 1690 724 1771 τῷ
746 1685 781 1765 i,
806 1683 986 1767 ὀφείλομεν
1008 1682 1140 1761 ὑπεξαι-

125 1800 198 1870 ρεῑυ
222 1789 258 1855 ἐκ
280 1799 348 1855 τῶν
370 1791 391 1873 ρ
415 1789 477 1871 τὴν
502 1789 664 1853 δοθεῖσαν
687 1789 870 1875 ὑπεροχήν,
899 1791 1056 1873 δηλονότι
1081 1791 1140 1854 τὸν

123 1898 161 1980 ιῐ,
188 1896 326 1962 καὶτὸν
349 1893 614 1978 καταλειφθέντα
638 1895 786 1983 ἀριθμὸν
810 1899 952 1982 διαιρεῖν
977 1898 1068 1982 δίχα,
1096 1897 1140 1974 ὡς
1157 1919 1180 1958 15

1 2081 2 2084 χ
126 2004 274 2069 ἐνταῦθα
292 2007 352 2069 τὸν
370 2005 394 2069 π
412 2004 460 2079 είς
477 2028 501 2088 μ
519 1999 574 2067 καὶ
595 2005 635 2088 μ,
654 2002 710 2068 καί
729 2006 839 2070 ἔπειτα
859 2001 909 2068 ένὶ
927 2002 1019 2089 μέρει
1038 2021 1140 2103 προο-

122 2110 257 2175 τιθέναι
276 2111 337 2193 τήν
351 2111 530 2196 ὑπεροχήν,
549 2111 594 2187 ὡς
616 2109 765 2176 ἐνταῦθα
778 2120 824 2198 τῶ
843 2114 867 2194 μ
884 2112 944 2177 τὸν
958 2114 988 2193 ιἰ,
1009 2110 1094 2195 ὁμοῦ
1109 2112 1140 2191 ξ·

124 2215 268 2302 διῃρέθη
292 2221 410 2283 τοίνυν
433 2216 451 2281 ὑ
475 2220 496 2298 ρ
520 2219 567 2294 είς
591 2220 607 2295 ξ
630 2215 685 2283 καὶ
709 2223 732 2302 μ
755 2216 811 2283 καί
837 2221 927 2283 ἔστιν
950 2217 970 2300 ἡ
994 2217 1139 2303 ὑπεροχή

122 2331 185 2389 τοῦ
208 2325 224 2402 ξ
247 2325 330 2409 πρὸς
352 2325 413 2389 τὸν
434 2326 473 2408 μ,
488 2327 522 2406 ιἰ,
547 2321 602 2389 καὶ
625 2327 662 2390 τὸ
688 2321 866 2408 ἐπιταχθὲν
890 2322 1029 2406 ἐγένετο.

195 2435 301 2497 Τοῦτο
330 2430 383 2497 ἐπὶ
410 2433 545 2497 πάντων
573 2430 628 2496 καὶ
656 2425 706 2496 ἐπ’
729 2431 840 2495 αὐτῶν
869 2432 909 2514 δή
937 2431 1067 2495 τούτων
1095 2432 1138 2514 μὴ
1155 2453 1180 2492 ιο

125 2535 316 2622 δεχομένων
339 2542 461 2622 τομήν,
490 2545 580 2623 είπερ
609 2540 715 2622 μόνον
739 2539 844 2621 μονδις
869 2537 1038 2621 διαιρεθῇ·
1066 2528 1140 2602 οἷον

125 2644 366 2730 έπιταττόμεθα
389 2647 450 2710 τὸν
469 2632 511 2729 πῇ
531 2646 653 2710 διελεῖν
673 2643 709 2709 έν
727 2643 874 2728 ὑπεροχῇ
892 2641 1040 2726 θατέρου
1057 2645 1140 2727 πρὸς

123 2753 270 2839 θάτερον
293 2759 339 2839 τῷ
367 2753 400 2835 ᾦ·
430 2750 562 2835 ἀφαιρῶ
590 2751 653 2833 τὴν
676 2750 845 2833 ὑπεροχήν
873 2750 932 2814 τὸν
960 2753 995 2832 ᾧ,
1025 2747 1140 2813 ἐναπε-

126 2862 316 2942 λείφθησαν
345 2843 395 2924 ιθ·
423 2867 528 2923 ταῦτα
552 2859 670 2941 διαιρῶ
694 2858 741 2932 εἰς
768 2843 838 2932 {ff
857 2855 913 2921 καὶ
931 2841 962 2921 θ
972 2855 1014 2932 L'·
1036 2873 1138 2940 προσ-

122 2968 241 3049 τίθημι
277 2972 322 3051 τῷ
355 2949 426 3039 M
450 2965 510 3029 τὸν
533 2967 569 3048 χ,
597 2964 683 3047 ὁμοῦ
703 2948 799 3046 Ῑβλ’·
828 2961 956 3047 ἐτμήθη
979 2965 1097 3027 τοίνυν
1120 2962 1180 3026 ὁετ

123 3058 165 3154 νβ
184 3073 231 3148 είς
248 3057 325 3155 ι-βί]
339 3069 394 3135 καὶ
413 3055 490 3152 δί’,
510 3069 661 3155 ὑπερέχει
681 3067 718 3135 δὲ
737 3069 755 3135 δ
775 3056 849 3154 ίήί]
865 3078 926 3135 τοῦ
944 3054 1022 3152 M,
1037 3072 1139 3153 τρισί·

123 3175 178 3243 καὶ
201 3176 253 3243 ἀεὶ
275 3175 328 3243 ἐπὶ
351 3178 488 3242 πάντων
511 3176 599 3241 οὑτω
622 3180 798 3261 γενήσεται
821 3177 1048 3261 ἀπαραβάτως.

189 3287 234 3362 κζ.
276 3285 322 3349 Τά
347 3280 384 3347 δὲ
408 3281 461 3348 ἐπὶ
484 3287 813 3367 πολλαπλασιασμοίς
834 3283 1036 3368 ἀριθμητικὰ
1058 3304 1139 3367 προ-

125 3394 273 3476 βλήματα
295 3394 430 3475 ἔχουσιν
450 3391 565 3472 οὕτως,
589 3391 621 3454 εί
643 3389 897 3474 ἐπιταττοίμεθα
915 3391 974 3454 τὸν
994 3388 1139 3455 δοθέντα

196 3553 262 3616 lsq.
286 3547 326 3603 cf.
340 3548 362 3618 I,
376 3553 402 3617 4,
418 3553 513 3602 7-10.
588 3553 620 3601 11
633 3565 672 3616 sq.
692 3545 794 3616 Dioph.
808 3545 898 3616 probl.
913 3547 934 3615 I,
951 3551 974 3602 1.

124 3625 157 3676 28
168 3637 209 3689 sq.
228 3619 329 3689 Dioph.
348 3619 438 3688 probl.
453 3619 474 3689 I,
491 3625 514 3674 2.
