2578 3984
181 208 224 272 62
328 207 376 261 DE
395 205 607 262 DIOPHANTO
626 205 849 262 TESTIMONIA
869 206 1055 263 VETERUM.

180 365 266 453 ἦσαν
289 370 353 454 γὰρ
376 367 518 453 ἀδελφοὶ
541 370 603 435 δύο
632 369 667 434 οί
691 370 822 452 πάντες,
846 365 894 435 ὧν
918 370 935 436 6
959 361 1006 447 εἷς
1030 371 1198 457 ἰσχυρότε-

181 497 253 560 ρος·
276 471 320 559 ἦν
344 473 380 542 δὲ
402 475 423 560 ἡ
447 484 535 540 πᾶσα
560 475 656 541 οὐσία
679 475 699 559 ἡ
723 477 862 560 πατρικὴ
886 477 1030 542 τάλαντα
1050 486 1076 541 ἒ.
1124 479 1196 543 δια-

181 585 294 649 λύεται
317 585 354 649 τὸ
377 585 553 669 πρόβλημα
578 583 660 647 κατὰ
683 585 720 648 τὸ
745 583 903 665 δεύτερον
926 593 995 648 τῶν
1018 585 1200 664 Διοφάν-

180 714 250 756 του
282 693 416 774 βιβλίου
448 698 488 773 ᾶ,
525 689 594 754 τὸν
627 687 895 773 ἐπιταχθέντα
931 688 1122 775 ἀριθμόν,
1154 691 1200 769 ὡς

154 799 255 884 εάρτι
281 799 342 862 τὸν
367 807 400 879 ε,
432 798 582 862 διελεῖν
612 797 669 873 είς
697 797 768 861 δύο
797 796 993 880 ἀριθμοὺς
1021 797 1105 862 ὥστε
1131 809 1200 864 τῶν

180 889 286 984 ξιαω’
312 913 373 969 τοῦ
406 901 521 990 ἑτέρου
553 902 701 987 πέμπτον
733 901 832 988 μέρος
864 898 951 969 εἶναι
981 905 1042 968 τὸν
1074 903 1199 988 ἕτερον.
1281 929 1282 950 ³

180 1013 263 1077 ἔστω
287 1005 349 1077 οὖν
373 1009 391 1076 6
414 1009 583 1094 ἐλάχιστος
605 1024 644 1078 55
661 995 690 1088 ξ·
718 1011 758 1074 τὰ
786 1010 850 1094 άρα
876 995 963 1088 ξιαα
991 1019 1053 1076 τοῦ
1081 1010 1198 1096 ἑτέρου

180 1120 272 1183 ἔσται
294 1105 401 1187 55λ-ε·
429 1117 466 1183 τὸ
494 1118 559 1202 άρα
586 1125 608 1180 ο“ι
624 1127 684 1180 ιαθν
711 1119 803 1181 ἐσται
824 1126 911 1185 55ἓ·
940 1116 958 1182 6
987 1118 1064 1194 ὅλος
1090 1119 1154 1204 άρα
1179 1119 1197 1184 6

180 1227 300 1310 μείζων
322 1239 361 1294 55
376 1227 429 1291 τῖε·
457 1220 500 1308 ἦν
529 1219 566 1288 δὲ
593 1220 649 1287 καλ
676 1222 694 1289 6
723 1221 892 1308 ἐλάχιστος
915 1240 954 1292 55
971 1229 1000 1303 ζ·
1023 1229 1198 1310 συναμφό-

142 1357 167 1394 10
180 1354 271 1415 τεροι
299 1333 363 1418 άρα
394 1335 527 1397 ἔσονται
554 1329 664 1412 55ξβ,
696 1329 778 1394 ἀλλὰ
809 1328 865 1395 καὶ
896 1331 1041 1396 τάλαντα
1068 1340 1095 1396 ἑ.
1141 1331 1198 1396 καὶ

180 1441 306 1521 γίνεται
328 1441 366 1504 τὸ
389 1440 553 1503 τάλαντον
576 1453 616 1506 55
632 1421 670 1520 ιβ
680 1433 778 1520 χίε’.
820 1435 879 1502 ἐὰν
906 1439 984 1514 τοὺς
1010 1431 1095 1504 55οὺ5
1120 1461 1199 1505 πεν-

178 1545 456 1630 ταπλασιάσωμεν
475 1545 531 1609 διὰ
549 1546 608 1609 τὸν
628 1543 845 1627 άπαρτισμόν,
866 1547 998 1609 ἔσονται
1016 1561 1056 1614 55
1071 1545 1110 1630 ξβ
1129 1552 1197 1612 ίσοι

180 1703 330 1790 ταλάντῳ
360 1714 382 1768 οἳ
408 1702 463 1769 καὶ
490 1706 617 1787 γίνεται
641 1704 658 1768 6
682 1665 754 1772 56⁹·
787 1706 878 1769 ἐσται
906 1704 924 1770 6
953 1704 1123 1790 ἐλάχιστος
1145 1647 1198 1790 λζ,

182 1842 258 1911 ὅδὲ
275 1849 395 1930 μείζων
414 1801 479 1913 666.
516 1847 637 1913 τούτου
658 1843 695 1912 δὲ
712 1854 773 1912 τοῦ
793 1849 943 1931 μείζονος
960 1849 1000 1912 τά
1025 1834 1045 1928 ξ
1055 1846 1113 1914 ιαα’
1132 1851 1197 1915 είσι
1280 1889 1282 1922 1

142 2011 167 2052 15
183 1944 256 2075 ρλλε,
279 1987 335 2054 καὶ
358 1990 470 2056 λύεται
492 1991 530 2056 τὸ
554 1991 737 2076 πρόβλημα.

609 2239 650 2290 ις.
687 2222 776 2286 άλλο.

224 2356 308 2427 Eius
330 2365 551 2449 κνβερνητῆρι
574 2365 701 2429 πλατὺν
725 2365 830 2449 πόρον
851 2360 1037 2447 Ἀδριακοίο

224 2467 353 2553 τέμνων
376 2472 447 2554 νηί·
472 2469 551 2547 ἁλὸς
573 2471 660 2534 πόσα
683 2473 828 2534 λείπεται
851 2476 951 2534 είσετι
974 2468 1090 2555 μίτρας

223 2573 315 2642 τόνδ’
333 2576 549 2661 ἀπαμείβετο·
572 2585 688 2658 ναῦτα,
708 2575 812 2660 μέσον
835 2579 954 2662 Κριοίο
978 2577 1132 2661 μετώπου

141 2713 166 2751 ιο
225 2686 396 2768 Κρηταίου
420 2688 562 2768 Σικελῆς
584 2705 619 2748 τε
643 2683 837 2768 Πελωρίὸος
861 2681 951 2762 ἑξάκι
973 2681 1074 2769 μέτρα

223 2794 326 2876 χίλια·
351 2792 453 2857 ὃοιῶν
477 2788 507 2855 6’
526 2785 605 2855 αὖτε
627 2787 883 2876 παροιχομένοιο
908 2792 1046 2875 βρύμοιο

224 2895 380 2981 πέμπτων
405 2897 581 2962 διπλάσιον
595 2897 741 2980 Σικελὴν
764 2893 817 2962 ἐπὶ
840 2899 1012 2982 πορθμίδα
1035 2899 1149 2962 λείπει.

247 3042 431 3126 Σχόλιον.
477 3037 544 3105 Καὶ
580 3047 678 3106 τοῦτο
715 3040 832 3122 ὅμοιόν
862 3039 931 3104 ἐστι
965 3047 1010 3126 τῷ
1049 3051 1097 3105 ιεῳ
1139 3037 1196 3104 καὶ

180 3147 235 3210 διὰ
258 3155 319 3212 τοῦ
343 3144 501 3235 δευτέρου
523 3150 754 3232 προβλήματος
777 3157 838 3213 τοῦ
860 3147 995 3234 πρώτον
1018 3156 1086 3212 τῶν
1099 3150 1195 3212 Λιο-

139 3279 164 3320 ντ
179 3253 331 3337 φάντοο
350 3257 532 3340 Στοιχείων
552 3256 677 3320 λύεται·
695 3253 788 3342 165
808 3257 930 3320 διελεῖν
950 3255 997 3331 είς
1015 3255 1077 3319 δύο
1097 3253 1194 3337 ἀριθ-

178 3362 263 3444 μούς
281 3360 336 3426 ἵνα
354 3362 391 3427 τὸ
411 3363 448 3427 ἓν
466 3360 566 3448 μέρος
580 3352 601 3446 ᾖ
616 3359 827 3448 ἐπιτέταρτον
840 3369 902 3427 τοῦ
921 3360 1048 3449 ἑτέρου·
1066 3362 1193 3444 γίνεται

154 3639 157 3647 .
250 3591 423 3664 4ἀριθμὸν]
442 3591 492 3644 καλ
511 3589 540 3644 Ρ.
598 3596 630 3645 16
649 3591 699 3662 Ep.
714 3591 786 3661 XIV,
802 3596 862 3646 129.
917 3596 951 3645 25
970 3589 1016 3661 τὰ]
1035 3597 1091 3644 τῶν
1107 3588 1139 3643 Ρ.
