2578 3984
337 231 492 288 SOHOLIA
509 233 548 288 IN
567 233 823 289 DIOPHANTUM·
1028 231 1091 297 133

70 405 193 479 τριῶν·
228 393 283 461 καὶ
316 399 353 462 τὸ
390 400 503 481 τρίτον
540 397 644 462 αὐτοῦ
681 399 745 482 άρα
777 399 814 462 τὸ
847 401 915 462 ΑΟ
946 396 1093 481 μονάδος

3 527 5 568 ι
70 501 142 568 ἐστὶ
166 511 251 588 μιᾶς.

138 606 207 672 Καὶ
235 606 399 675 δέδεικται
427 610 516 687 ὅπως
544 610 564 694 ἡ
592 614 662 676 ΑΓ
685 611 843 695 μονάδων
872 605 957 674 οὖσα
990 619 1093 693 τριῶν

3 747 4 782 ;
70 713 125 780 ἐπὶ
148 716 211 800 τὴν
229 716 298 790 ΛΞ
318 719 431 803 τρίτον
453 712 559 784 οὖσαν
578 718 724 803 μονάδος
740 721 1093 782 πολλαπλασιασθεῖσα

71 822 204 908 μονάδα
237 822 384 907 ἐποίησε·
417 822 472 889 καὶ
501 826 571 890 ἔστι
598 826 636 890 τὸ
663 826 776 909 τρίτον
809 823 990 908 ὁμώνυμον
1022 832 1094 899 ταῖς
1121 848 1134 888 5

70 928 161 1016 τρισὶ
176 931 311 1015 μονάσι·
330 929 387 996 καὶ
405 933 557 997 καθόλου
573 939 640 996 πᾶν
654 934 774 1016 μόριον
790 931 973 1015 ὁμωνύμως
987 927 1092 1016 ἑαυτῷ

3 1067 5 1130 j
71 1037 199 1122 διαιρεῖ
218 1039 277 1102 τὸν
302 1037 450 1123 ἀριθμὸν
473 1034 527 1122 ἐφ’
554 1037 595 1104 ὃν
618 1038 947 1119 πολλαπλασιάζεται,
973 1037 1018 1114 ὡς
1041 1035 1093 1101 ἑν-

69 1151 183 1208 ταῦθα
206 1144 243 1209 τὸ
267 1147 381 1230 τρίτον
405 1147 452 1223 εἰς
474 1147 550 1230 τρία
574 1145 675 1210 διεῖλε
699 1146 759 1210 τὸν
781 1146 856 1229 τρία
874 1141 929 1209 καὶ
950 1141 1094 1226 ἀπέλαβε

70 1251 108 1316 τὸ
132 1252 246 1334 τρίτον
271 1251 375 1315 αύιού
399 1251 479 1336 ὅπερ
503 1246 546 1335 ἦν
569 1251 590 1335 ἡ
614 1252 727 1336 μονάς.

3 1437 5 1458 ¹
140 1359 186 1422 Εἰ
208 1355 244 1423 δὲ
268 1358 288 1442 ἡ
312 1358 380 1433 ΑΞ
405 1359 448 1443 μὴ
476 1361 588 1442 τρίτον
615 1353 658 1442 ἦν
685 1367 743 1442 τῆς
771 1363 853 1442 ΑΕ,
887 1355 958 1422 ἀλλ’
990 1358 1134 1441 ἧμισυιο

3 1519 5 1574 4
69 1466 191 1548 τυχόν,
223 1466 270 1542 εἰς
298 1466 361 1530 δύο
390 1468 504 1550 ἔμελλε
536 1467 679 1550 διαιρεῖν
710 1465 770 1532 τὸν
802 1467 877 1551 τρία
910 1464 1094 1549 ὁμωνύμως

70 1571 176 1658 αύτῷ·
207 1573 244 1635 τὸ
267 1573 332 1657 γάρ
355 1573 458 1657 ἥμισυ
480 1571 536 1638 καὶ
564 1573 708 1638 δνοστὸν
737 1570 879 1657 λέγεται·
907 1569 962 1636 καὶ
985 1565 1028 1654 ἦν
1051 1569 1093 1635 άν

68 1679 107 1742 τὸ
131 1682 201 1743 ΑΟ
223 1679 370 1763 μονάδος
392 1688 469 1764 μιᾶς
491 1677 547 1743 καὶ
569 1678 718 1764 ἡμίσεος·
743 1683 774 1745 εἰ
796 1676 832 1744 δὲ
856 1678 952 1744 ἕκτον
975 1673 1018 1761 ἦν
1036 1685 1094 1761 τῆς

69 1788 141 1848 ΑΕ
157 1782 178 1866 ἡ
197 1783 273 1868 ΑΞ,
293 1786 340 1862 εἰς
359 1783 392 1863 ἓξ
412 1784 454 1850 άν
474 1783 583 1872 διῄρει
602 1787 661 1852 τὸν
680 1789 765 1871 τρία,
790 1786 974 1871 ὁμωνύμως
993 1783 1093 1872 αὐτῷ,

69 1888 127 1955 καὶ
150 1885 194 1974 ἦν
216 1892 254 1956 τὸ
279 1896 346 1956 ΛΟ
368 1891 503 1976 ἡμίσεος
526 1892 682 1976 μονάδος.
1107 1919 1133 1960 15

339 2087 399 2151 AD
424 2085 748 2153 DEFINITIONEM
772 2087 828 2153 VI.

139 2212 197 2274 IB.
238 2212 288 2276 Τὸ
315 2215 762 2297 πολλαπλασιαζόμενον
796 2207 904 2290 εἶδος
933 2209 995 2278 ἐπὶ
1022 2213 1093 2296 τὴν

69 2318 242 2402 μονάδα,
267 2321 386 2402 φησίν,
417 2319 512 2384 αὐτὸ
536 2314 644 2396 εἶδος
667 2322 790 2384 ἔσται·
818 2317 1006 2402 τουτέστιν,
1034 2317 1093 2383 ἐὰν

69 2425 178 2510 μονὰς
201 2421 253 2507 ἐφ’
282 2423 462 2490 ὁντιναοῦν
486 2425 634 2510 ἀριθμὸν
654 2430 965 2509 πολλαπλασιασθῇ,
990 2424 1093 2490 αὐτὸν

68 2533 131 2596 τὸν
173 2530 320 2616 ἀριθμὸν
361 2528 412 2596 ἐπ’
452 2531 558 2615 αὐτὴν
597 2529 954 2596 πολλαπλασιασθέντα
990 2531 1091 2596 πάλιν
1106 2561 1132 2600 ιο

3 2585 5 2700 ὁ
69 2640 217 2722 ποιήσει·
242 2629 317 2703 οἷον
340 2639 423 2703 ἔστω
447 2639 552 2722 μονάς
574 2635 629 2703 καὶ
649 2637 793 2722 ἀριθμὸς
816 2636 874 2720 ὁμ
897 2635 952 2702 καὶ
971 2642 1092 2702 πολλα-

68 2741 303 2823 πλασιαζέσθω
332 2743 353 2827 ἡ
381 2746 486 2829 μονάς
514 2742 566 2809 ἐπὶ
594 2745 653 2809 τὸν
681 2753 709 2827 ᾧ.
747 2743 888 2827 λέγομεν
918 2737 980 2809 οὖν
1008 2743 1092 2822 ἅπαξ

69 2849 145 2918 ἀντὶ
174 2859 231 2934 τῆς
258 2852 405 2935 μονάδος
434 2848 489 2916 καὶ
520 2849 675 2935 λέγομεν·
710 2849 794 2928 άπαξ
823 2852 863 2915 τὰ
890 2856 926 2934 μ,
949 2855 983 2934 μ’
1017 2852 1092 2916 ἰδοὺ

68 2959 173 3024 πάλιν
202 2957 301 3034 αύτὸς
325 2956 342 3022 ὁ
367 2968 387 3042 μ
410 2957 558 3041 γέγονεν.
597 2957 719 3042 ὁμοίως
747 2954 784 3022 δὲ
811 2955 867 3022 καὶ
896 2957 954 3023 ἐὰν
982 2957 1093 3043 ἕτερος

70 3066 232 3132 ὁστισοῦν
250 3064 394 3151 ἀριθμὸς
412 3066 492 3150 μετὰ
510 3073 569 3149 τῆς
586 3065 732 3150 μονάδος
750 3111 766 3140 α
861 3111 872 3138 2
976 3094 989 3147 ζ
1077 3091 1133 3160 μοι

70 3176 384 3256 πολλαπλασιασθῇ,
408 3170 426 3236 ὁ
447 3171 545 3248 αὐτὸς
563 3172 663 3236 πάλιν
681 3196 729 3256 γε·

67 3281 216 3363 νήσεται.

112 3382 765 3471 Ἐκκείσθωδδκαλδιάγραμματούτου.Υ
862 3398 874 3439 '²
968 3373 1092 3426 s‘]

68 3492 300 3558 ἐκκείσθωσαν
312 3494 374 3558 δύο
385 3492 515 3557 εὐθεῖαι
524 3494 608 3578 πρὸς
618 3491 723 3577 ὀρθάς
731 3492 918 3577 άλλήλαιςὴ
929 3497 995 3558 ΑΒ
1005 3489 1091 3576 καὶὴ

68 3604 103 3664 Α
109 3601 149 3682 Γ,
162 3597 218 3663 καὶ
233 3601 315 3664 ἔστω
330 3599 350 3682 ἡ
365 3595 426 3683 μὲν
442 3605 473 3664 Α
479 3602 507 3663 Β
521 3599 679 3684 μονάδων
693 3603 724 3684 ᾦ,
738 3599 759 3683 ἡ
775 3597 812 3665 δὲ
824 3606 854 3665 Α
860 3602 892 3664 Γ
901 3599 1049 3686 μονάδος
1059 3608 1092 3682 α,
