2558 3984
162 185 230 250 260
352 183 392 238 ΙΝ
410 181 654 239 DIOPHANTUM
673 181 826 238 SCHOLIA
844 181 1000 236 VETERA.

132 392 134 394 -
163 347 271 414 ποντα
294 346 440 432 ἀριθμὸν
463 357 485 411 ᾶ
509 344 675 412 ἐλάσσονα
697 340 784 411 εἶναι
807 348 879 430 μθῖι
900 343 957 411 καὶ
978 344 1130 430 άρνθμοῦ
1148 354 1182 429 ἆ,

166 455 184 521 6
209 456 385 539 διδόμενος
412 457 512 538 λόγος
541 450 643 519 οὐδὲν
666 451 817 538 διαφέρει
843 454 1000 518 διδόσθαι
1025 459 1088 518 εἴτε
1111 456 1185 537 μεί-

165 565 229 641 ζων
254 553 276 648 ᾖ
304 568 368 627 ελτε
396 560 547 626 ἐλάσσων
571 569 632 626 τοῦ
659 563 762 644 λόγου
784 569 845 626 τοῦ
873 559 907 640 ἐξ
935 559 1037 645 ἀρχῆς
1062 557 1185 625 δοθέν-

163 693 229 752 τος,
252 680 320 734 τῶν
337 672 359 754 ρ
377 665 432 733 καὶ
450 670 471 732 {a
492 668 552 732 τὸν
572 671 675 751 λόγον
698 667 844 752 ἐχόντων
867 667 950 752 πρὸς
972 667 1136 750 ἀλλήλους
1154 675 1184 750 ἓ,

138 783 232 842 aseae
254 761 278 842 δ
301 777 389 861 δοθῇ
416 781 481 840 εἴτε
505 779 528 854 ζ.
575 774 594 840 6
622 772 660 840 δὲ
687 775 748 858 τὴν
770 776 971 859 προσθηκην
994 775 1185 858 δεχόμενος,

163 884 182 950 6
206 886 278 967 μ”ἵι
295 893 355 952 βᾶ
378 931 574 948 .......

233 990 299 1070 [16.
332 989 384 1055 Ad
407 989 511 1072 probl.
529 987 560 1068 I,
580 1007 642 1054 XVI
662 988 706 1074 (p.
725 987 870 1073 38‚14):
906 988 954 1052 Τά
985 996 1053 1052 τῶν
1080 997 1184 1072 τριῶν

166 1096 321 1182 ἀριθμῶν
348 1098 504 1162 λείποντα
532 1079 650 1160 τῶν-ΙΙ
675 1101 731 1159 λ’σα
757 1094 891 1182 ἀριθμῷ
920 1093 986 1177 ἑνί,
1017 1093 1054 1170 ὃς
1080 1095 1185 1177 ἥμισύ

167 1200 258 1268 ἐστιν
281 1201 300 1267 6
323 1205 372 1288 μ’ἑ.

125 1337 151 1375 10
236 1312 285 1375 17.
319 1311 369 1375 Ad
397 1311 502 1394 probl.
525 1310 555 1393 Ι,
575 1328 662 1374 xxlv
684 1307 729 1395 (p.
753 1309 810 1394 58,
828 1308 879 1392 4):
911 1309 954 1376 ἵνα
986 1308 1082 1372 άτινά
1116 1306 1187 1373 ἐστι

165 1414 238 1501 τρὶς
265 1416 283 1482 6
311 1420 358 1500 6⁰³
380 1417 487 1501 ἤγουν
516 1416 534 1482 6
560 1401 608 1495 Ιξ
637 1413 707 1501 τρὶς
734 1417 798 1500 γάρ
830 1401 952 1499 ιζ-,νῐν
981 1415 1000 1481 6
1029 1415 1186 1498 δεύτερος

168 1524 232 1609 άρα
260 1521 351 1587 ἐστὶν
379 1522 528 1609 άριθμοῦ
557 1521 631 1600 ἑνὸς
658 1525 790 1607 ἤιοιῐῷ
817 1521 873 1588 καὶ
900 1523 1046 1607 μονάδος
1069 1523 1187 1606 τρίτου
1274 1609 1275 1614 ¹

167 1631 242 1712 ἤτοι
266 1614 304 1694 δ’
327 1638 389 1694 τοῦ
411 1631 473 1714 γάρ
497 1615 535 1714 ἶβ
555 1631 593 1694 τὸ
616 1633 729 1715 τρίτον
748 1614 776 1694 δ.

236 1739 287 1802 18.
320 1736 370 1800 Ad
397 1737 503 1820 probl.
527 1737 555 1821 I,
578 1756 650 1803 xxv
673 1735 718 1823 (p.
740 1737 796 1816 60,
816 1736 866 1820 4):
893 1731 929 1800 ‘O
962 1731 999 1799 δὲ
1030 1733 1189 1819 τέταρτος

128 1871 153 1910 15
169 1841 317 1927 ἀριθμοῦ
339 1842 414 1920 ἑνὸς
436 1843 582 1927 μονάδος
604 1843 935 1930 ἡμιτρισκαιδειιάτου
958 1840 1117 1927 ἔγγιστα]

236 1951 286 2015 19.
320 1950 373 2015 Ad
401 1951 505 2033 probl.
530 1951 559 2032 Ι,
579 1970 676 2016 xxvfl
696 1949 742 2036 (p.
757 1952 814 2035 62,
829 1947 864 2036 2)
893 1952 1187 2035 πλασματιιιόνε

166 2057 241 2140 ἤτοι
274 2056 335 2122 οὐκ
367 2054 573 2140 ἐπιτηδεύσει
604 2055 672 2121 τινὶ
703 2059 902 2141 γενόμενον,
937 2053 1007 2121 ἀλλ’
1034 2055 1119 2140 αὐτῇ
1148 2065 1187 2141 τη

166 2162 284 2228 πλάσει
308 2166 655 2249 συναναφαινόμενον,

235 2272 287 2336 20.
329 2271 380 2336 A'd
412 2272 516 2356 probl.
544 2269 574 2355 I,
597 2290 711 2337 xxvnl
744 2269 787 2355 (p.
814 2272 871 2353 64,
892 2267 942 2357 7):
982 2273 1061 2347 Πῶς
1097 2279 1190 2335 ποιεῖ

128 2405 154 2445 νο
169 2379 225 2441 ΔΥ
237 2362 259 2462 6
277 2388 315 2462 μ0
330 2381 369 2457 ὃς
400 2377 418 2443 6
442 2387 462 2442 ᾶ
486 2378 630 2464 ἀριθμὸς
657 2376 712 2444 καὶ
740 2379 777 2442 αλ
802 2377 877 2462 ῖμο
904 2379 1186 2456 πολλαπλασιαζό-

168 2509 266 2570 μεναι
289 2494 425 2551 ποιοῦσι
449 2485 508 2549 ΔΥ
534 2533 1188 2550 .............

381 2699 437 2763 Ex
461 2699 593 2763 codice
616 2699 647 2764 Α
671 2696 825 2786 (secunda
848 2695 972 2783 manu).

236 2805 287 2870 Ad
312 2805 414 2888 probl.
434 2805 475 2887 ΙΙ,
496 2806 530 2870 8:
547 2800 595 2869 ‘H
613 2808 703 2890 ψυχή
725 2821 799 2888 σου,
823 2807 1006 2888 Διόφαντε,
1031 2809 1081 2887 ελη
1106 2805 1188 2888 μετὰ

130 2939 155 2978 εε
170 2918 232 2977 τοῦ
255 2915 392 2976 Σατανᾶ
420 2910 517 2976 ἕνεκα
543 2921 601 2996 της
629 2914 806 2988 δυσκολίας
832 2922 900 2977 τῶν
924 2936 960 2977 τε
987 2912 1099 2976 ἄλλων
1124 2928 1187 2976 σον

170 3017 399 3100 θεωρημάτων
422 3015 478 3083 καὶ
501 3019 543 3102 δὴ
566 3016 705 3084 καὶτοῦ
728 3021 892 3100 παρόντος
915 3019 1142 3102 θεωρήματος.

243 3180 330 3230 7-15
350 3174 464 3230 Scholia
478 3180 573 3246 16,17,
587 3181 619 3232 18
633 3175 738 3245 primus
753 3176 841 3230 habet
850 3173 1005 3229 Vaticanus
1016 3179 1077 3231 304.
1089 3207 1123 3216 -
1134 3175 1187 3231 Pro

169 3279 188 3344 ᾗ
202 3275 247 3327 εων
266 3273 302 3342 (Ι,
317 3292 343 3342 p.
355 3278 403 3343 60,
413 3275 440 3344 4)
459 3273 590 3327 librarius
605 3274 720 3343 quidam
739 3273 853 3343 scripsit
871 3273 900 3342 ff
916 3273 934 3326 ι’
950 3246 990 3370 (ἓ
1000 3251 1070 3361 va}
1081 3276 1114 3343 -Ι-
1125 3248 1166 3372 130)
1179 3309 1185 3335 ‚

171 3386 243 3439 quae
257 3369 288 3424 in
302 3369 331 3439 λ’
346 3370 381 3441 ιη’
397 3373 537 3442 corrupta,
551 3371 582 3425 in
595 3373 706 3426 textum
718 3371 910 3426 parisinorum
924 3370 1052 3425 codicum
1066 3370 1188 3444 irrepse-

170 3443 245 3510 runt,
264 3443 447 3511 ineptumque
466 3442 603 3498 scholium
626 3443 810 3498 adduxerunt.

570 3593 724 3632 -4-
735 3609 770 3615 -...
