2570 3988
338 259 572 315 DIOPHANTUS
590 259 945 315 PSEUDEPIGRAPHUS.
1108 260 1149 323 21

129 425 195 507 τὴν
229 425 408 510 διάμετρον
439 432 499 488 τοῦ
532 423 740 505 ὀκταγώνοο,
773 425 861 488 ποίει
893 423 1011 500 οὕτως·
1044 422 1102 488 ἐάν
1130 424 1150 508 ἡ
1261 477 1263 481 .

129 531 261 613 πλευρά
282 536 311 612 ἓ,
335 530 475 594 πάντοτε
499 531 587 594 ποίει
609 530 670 613 τὴν
693 529 842 612 ττλεορδιν
861 530 1053 607 δωδεκάκις·
1077 532 1152 615 άρτι

130 639 266 722 μερίζω·
297 631 345 701 ὧν
375 633 537 719 πέμπτον,
564 637 717 719 γίνονται
741 620 790 719 ᾧ·
823 638 985 702 τοσοῦτόν
1012 636 1102 702 ἐστιν
1130 637 1150 720 ἡ

132 744 311 828 διάμετρος
333 752 394 808 τοῦ
418 742 619 825 ὀκταγώνοο.

98 855 117 908 (1
189 848 319 925 ’Ἄλλως
342 845 380 912 δὲ
403 849 503 913 πάλιν
526 848 547 932 ἡ
571 849 751 931 διαγώνιος
774 847 827 914 ἐπὶ
849 849 1072 934 τετραγώνου·
1092 848 1150 914 ἐὰν
1178 869 1190 910 5

130 959 189 1041 ἔχῃ
214 956 234 1040 ἡ
259 955 433 1040 διάμετρος
454 941 506 1038 ὦ,
529 955 676 1039 λάμβανε
699 957 848 1041 πλευράν
872 956 1109 1040 ὀκταγωνικήν,
1133 956 1152 1020 ὅ

130 1063 224 1130 ἐστιν
247 1071 276 1146 ἒ,
300 1063 418 1127 λοιπὸν
442 1061 603 1145 μένουσιν
626 1047 654 1140 ξ·
677 1061 807 1126 τούτων
830 1063 867 1127 τὸ
887 1060 929 1144 L',
948 1061 1026 1144 M·
1049 1072 1152 1128 ταῦτα

131 1170 267 1254 ὑφαιρῶ
292 1167 356 1234 άττὸ
380 1176 436 1252 τῆς
465 1166 660 1267 διαμέτρων
672 1178 739 1233 τῶν
764 1153 812 1250 ιβ,
846 1170 965 1234 λοιπὸν
992 1167 1152 1254 μένουσιν

133 1273 216 1360 ἤι’·
239 1284 343 1341 ταῦτα
367 1276 429 1356 δίς,
452 1277 605 1358 γίνονται
627 1279 668 1352 ιζ·
692 1278 855 1341 τοσοῦτόν
878 1275 968 1341 ἐστιν
991 1276 1012 1360 ἡ
1033 1277 1152 1360 διαγώ·

6 1387 11 1391 ’
131 1407 204 1460 νιος
226 1391 288 1447 τοῦ
311 1381 437 1461 ἔξωθεν
459 1381 678 1466 τετραγώνου.
1166 1402 1191 1442 ω

99 1512 114 1549 e
199 1491 245 1554 Εἰ
267 1486 307 1554 δέ
328 1487 419 1553 ἐστιν
441 1486 462 1570 ἡ
486 1489 545 1572 μία
567 1488 695 1570 πλευρά
712 1495 774 1552 τοῦ
791 1488 1004 1574 τετραγώνου
1022 1491 1152 1572 μείζων,

131 1597 155 1680 †
177 1603 351 1662 κοινοῦται
374 1591 429 1659 καὶ
454 1593 625 1677 λαμβάνω·
650 1588 698 1659 ὧν
717 1590 760 1669 L'·
786 1592 821 1659 ἐκ
844 1595 965 1660 τούτου
990 1591 1027 1659 δὲ
1050 1592 1105 1660 καὶ
1123 1596 1155 1659 εί

132 1705 204 1768 ἔστι
226 1697 387 1785 συγγών’.
418 1701 452 1784 †,
477 1699 663 1786 εὑρίσκεται
686 1710 725 1786 τῇ
749 1703 884 1788 μεθόδῳ
908 1701 1018 1786 ταύτῃ.

98 1818 114 1871 f
193 1807 302 1885 Ὅπως
312 1804 348 1873 δὲ
359 1807 460 1873 πάλιν
475 1806 661 1892 εὑρίσκεται
670 1809 708 1872 τὸ
719 1807 866 1892 ἐμβαδὸν
879 1816 940 1873 τοῦ
950 1807 1151 1891 ὀκταγώνον.

132 1928 219 1982 ποιῶ
253 1916 372 1992 οὕτως·
404 1913 463 1979 ἐὰν
494 1916 550 1998 ἔχῃ
584 1914 646 1997 τὴν
679 1913 856 1999 διάμετρον
882 1901 933 1998 ιβ,
965 1923 1068 1979 ταῦτα
1096 1911 1148 2000 ἐφ’
1167 1936 1192 1976 15

133 2021 250 2106 ἑαυτά,
283 2024 436 2105 γίνονται
464 2005 546 2106 ρμδ·
585 2021 713 2086 τούτων
750 2021 882 2106 ὑφαιρῶ
915 2020 1011 2087 ἕκτον
1043 2021 1152 2107 μέρος,

131 2132 285 2213 γίνονται
307 2115 363 2194 κδ·
396 2128 516 2193 λοιπὸν
539 2125 700 2213 μένουσιν
723 2132 778 2210 ρῖι·
810 2138 973 2193 τοσοῦτον
1001 2130 1092 2194 ἔσται
1115 2130 1152 2194 τὸ

133 2237 288 2322 ἐμβαδόν.

100 2367 121 2419 g
190 2342 318 2419 ’Ἄλλως
347 2339 384 2407 δὲ
411 2342 512 2406 πάλιν
542 2342 760 2426 μετρήσομεν·
795 2339 852 2406 ἐὰν
882 2339 999 2428 [ἔστιν]
1033 2342 1053 2425 ἡ
1083 2342 1153 2407 διά-

133 2473 251 2535 μετρος
267 2434 346 2535 ἶβῇ,
365 2449 492 2534 πλευρά
506 2447 526 2532 ἡ
541 2449 600 2532 μία
614 2449 680 2532 ἔχει
693 2455 725 2512 ἒ·
746 2456 811 2513 νῦν
824 2459 909 2514 ποιῶ
923 2450 985 2532 τὴν
1003 2449 1152 2534 πλευρὰν
1166 2469 1192 2508 ιο

133 2554 186 2622 ἐπὶ
209 2555 271 2640 τὴν
295 2557 474 2641 διάμετρον
496 2566 564 2620 τῶν
587 2539 632 2638 ᾧ,
656 2556 809 2637 γίνονται
832 2559 861 2633 ξ·
890 2562 993 2619 ταῦτα
1017 2556 1079 2636 δίς,
1103 2556 1152 2638 γί-

135 2686 253 2729 νονται
277 2667 329 2745 ρκ’
353 2665 516 2729 τοσοῦτόν
539 2661 608 2727 ἐστι
631 2661 668 2726 τὸ
692 2659 848 2745 ἐμβαδόν.

100 2777 121 2830 h
194 2768 302 2847 Ὅπως
316 2781 480 2856 μετρεῖται
495 2769 695 2854 ὀκτάγωνος,
714 2773 841 2853 μᾶλλον
856 2764 893 2833 δὲ
907 2766 962 2833 καὶ
978 2771 1153 2851 θεμελιοῦ-

132 2901 195 2942 ται.
232 2879 375 2961 ποίησον
403 2873 498 2943 οἷκον
525 2876 749 2961 τετράγωνον,
781 2869 822 2940 οὗ
845 2876 882 2940 τὸ
906 2883 1010 2959 μῆκος
1037 2871 1092 2939 καὶ
1115 2875 1152 2939 τὸ

132 2983 255 3062 πλάτος
276 2971 323 3068 ιβ,
351 2982 407 3050 καὶ
431 2984 544 3068 λαβὼν
566 2991 624 3066 τῆς
648 2975 832 3066 διαγωνίου
855 2977 896 3066 ff,
926 2980 1065 3047 άπάτιβε
1090 2979 1153 3046 άπὸ
1167 3000 1194 3042 ω

205 3177 271 3234 18h.
297 3177 338 3233 Cf.
357 3177 445 3232 Mens.
461 3181 494 3230 52
514 3178 544 3230 et
562 3176 724 3244 Geep.199.

134 3290 349 3298 --——-—--

206 3355 405 3427 1διάμετρον]
425 3353 573 3410 διάλεκτον
592 3353 625 3408 Α.
680 3354 756 3426 3ιβ]
775 3353 802 3405 i}
820 3351 853 3405 A.
909 3347 1009 3423 ὅὲδιν]
1029 3350 1065 3406 ἂν
1083 3351 1117 3407 Α.

134 3432 167 3480 12
186 3426 242 3480 Vix
261 3426 404 3481 sanandus
423 3425 517 3480 locus:
543 3441 594 3496 pro
613 3432 759 3480 κοινοῦται
778 3423 905 3493 suspicor
925 3425 1002 3478 ποίει
1020 3422 1107 3486 οὕτως
1125 3423 1154 3477 et

131 3499 233 3568 postea
250 3497 390 3553 lacunam.
434 3504 468 3552 13
488 3495 631 3578 σογγών’.]
651 3497 748 3551 forsan
765 3494 916 3564 legendum
936 3493 1070 3565 σύνεγγυς
1089 3493 1154 3568 (τε-

131 3567 303 3644 τράγωνος).
378 3575 411 3624 19
432 3567 506 3624 ἔστιν
534 3569 635 3624 delen.
708 3572 742 3622 20
761 3560 791 3639 β]
821 3565 923 3636 ὄγδοον
947 3566 984 3636 Α;
1012 3565 1109 3620 forsan
1136 3563 1153 3632 ἡ

132 3639 240 3711 πλεορδι
260 3641 276 3712 ἡ
295 3642 354 3712 μία.
