2578 3984
133 211 176 276 VO
200 271 202 278 ,
276 210 325 266 ΒΕ
343 209 554 266 DIOPHAIVIO
574 209 799 266 TESTIMONIA
816 209 1003 267 VETERUM.

559 397 587 457 λ.
627 393 717 457 ίίλλο.

173 510 362 581 Ἀπλανέων
381 517 512 600 ἄστρων
530 518 700 601 παρόδους
717 513 745 580 τ’
764 513 817 580 ἐπὶ
838 526 948 580 τοῖσιν
971 515 1104 600 ιἰλητῶν

221 621 295 687 εἰπέ
314 647 382 707 μοι,
406 618 492 704 ἡνίκ’
511 622 571 707 έμη
595 624 714 707 χθιζὸν
736 624 839 687 ἔτικτε
863 622 984 707 δάμαρ·

176 725 265 814 ἦμαρ
289 733 348 814 ίην
372 729 474 795 ὅσσον
496 751 531 794 τε
555 727 607 807 δὶς
630 729 777 814 ἕβδομον
801 728 1002 813 ἀντολίηθεν

105 858 118 898 ι
221 836 310 916 έξνίκι
333 839 456 901 τόσσον
479 838 538 920 ἔην
562 834 719 919 ἑσπερίην
742 835 776 913 ἐς
798 836 870 901 ἅλα.

199 963 383 1044 Σχόλιον.
416 956 482 1023 Καὶ
505 967 605 1026 τοῦτο
629 960 747 1045 ὅμοιον
764 968 809 1048 τῷ
828 966 902 1025 κθῳ.
941 960 995 1024 δεῖ
1010 960 1074 1043 γὰρ
1088 960 1149 1025 τὸν

132 1053 171 1151 ιβ
189 1066 336 1152 ἀριθμὸν
360 1067 483 1131 διελεῖν
502 1068 549 1143 είς
572 1067 633 1131 δύο
658 1066 825 1194 ἀριθμοὺς
847 1065 885 1131 έν
904 1068 993 1154 λόγῳ
1016 1066 1149 1131 έπιπεν-

131 1209 318 1296 ταεβδόμςο,
346 1206 401 1274 καὶ
425 1212 552 1291 γίνεται
576 1207 594 1273 ὁ
618 1225 637 1276 5
658 1212 700 1292 ιβ.
734 1211 824 1273 έσται
843 1203 961 1274 οὖντὸ
985 1203 1047 1292 μὲν
1065 1230 1147 1293 παρ-

104 1448 108 1457 .
131 1353 235 1418 ελθὸν
257 1360 316 1436 τῆς
337 1349 460 1436 ἡμέρας
481 1297 543 1435 IV,
566 1351 603 1416 τὸ
628 1347 665 1415 δὲ
688 1349 810 1435 μέλλον
834 1296 908 1436 ρμδ.

93 1569 118 1608 10
551 1549 600 1628 λβ.
636 1547 727 1610 ἄλλο.

167 1651 340 1738 ’Έγρεσθ’,
364 1650 531 1736 ἠριγένεια
554 1651 757 1737 παρέδραμε·
781 1651 940 1736 πέμπτον,
964 1655 1086 1739 ἔριθοι,

220 1757 416 1843 λειπομένης
438 1769 584 1844 τρισσῶν
608 1765 732 1844 οἴχεται
756 1758 936 1842 ὀγδοάτων.

198 1886 379 1970 Σχόλιον.
425 1880 491 1947 Καὶ
516 1890 616 1948 τοῦτο
639 1883 757 1968 ὅμοιόν
781 1881 850 1948 έστι
872 1889 917 1970 τῷ
943 1884 1007 1967 πρὸ
1032 1884 1147 1949 αὐτοῦ.

133 1991 187 2056 δεῖ
202 1992 265 2075 γὰρ
284 1993 343 2056 τὸν
358 1976 399 2074 τῇ
411 1989 559 2076 ἀριθμὸν
574 1991 698 2055 διελεῖν
713 1991 760 2067 είς
775 1989 837 2053 δύο
852 1988 1019 2073 ἀριθμοὺς
1038 1990 1094 2055 ἵνα
1107 1993 1146 2057 τὸ

92 2101 152 2179 1ιῷ
171 2096 301 2179 ὀνδόιον
319 2106 380 2163 τοῦ
404 2095 478 2175 ἑνὸς
496 2108 540 2162 ,ov
558 2096 657 2182 μέρος
675 2088 696 2183 ᾖ
717 2096 735 2162 ὁ
754 2095 875 2179 ἕτερος,
893 2094 1066 2162 τουτέστιν
1089 2098 1146 2162 ἵνα

131 2205 234 2286 λόγον
254 2206 351 2289 ἔχωσι
369 2205 452 2289 πρὸς
470 2203 633 2287 ἀλλήλους
651 2204 1145 2289 τρισκαιδεκαπλασιεπίτριτον.

131 2348 258 2428 γίνεται
277 2339 338 2411 οὖν
357 2346 375 2412 ὁ
396 2362 413 2410 5
433 2304 476 2430 ιμβγ.
512 2349 638 2429 γίνεται
662 2340 724 2411 οὖν
748 2345 784 2410 τὸ
808 2341 869 2428 μὲν
892 2346 1065 2430 παρελθὸν
1087 2355 1146 2430 της

131 2485 255 2573 ἡμέρας
277 2445 332 2571 λέ,
355 2489 392 2554 τὸ
417 2485 454 2554 δέ
476 2488 741 2572 ὑπολειπόμενον
764 2462 819 2552 δίε.

549 2689 599 2767 λγ.
636 2685 727 2748 ἄλλο.

91 2831 118 2869 νο
177 2810 322 2893 Σύρτιος
341 2809 377 2875 έν
396 2808 569 2892 τενάγεσσι
588 2809 695 2891 πατὴρ
716 2807 834 2891 θοίνεν,
853 2807 889 2872 έιι
908 2804 938 2871 δ’
952 2803 1004 2892 ἄρ’
1019 2807 1149 2892 ἐκείνης

220 2915 317 2981 πέντε
339 2915 484 2980 τάλαντα
508 2912 622 2998 φέρων
645 2915 755 2996 ἤλυθε
779 2914 951 2995 ναυτιλίης

178 3017 275 3098 οὗτος
298 3021 486 3105 ἀδελφειῶν
508 3019 789 3105 προφερέστατος·
814 3013 835 3102 ἦ
859 3020 923 3104 γὰρ
947 3022 1059 3104 ἔμοιγε

222 3129 328 3192 δῶκεν
352 3126 407 3210 ἑῆς
429 3129 547 3211 μοίρης
571 3127 749 3191 διπλάσιον
771 3127 933 3210 τριτάτιον

178 3236 291 3316 δοιῶν,
314 3231 474 3319 ἡμετέρης
497 3231 533 3299 δὲ
557 3231 609 3298 δύ’
628 3234 732 3316 ὅνδοα
755 3232 871 3317 μητέρι
895 3237 1014 3317 μοίρης

87 3363 119 3404 οι
223 3342 365 3424 ὤπασεν,
390 3336 470 3406 οὐδὲ
493 3340 587 3423 δίκης
608 3340 774 3424 ἤμβροτεν
798 3338 987 3404 ἀθανάτων.

133 3459 346 3467 -οᾴ--ῌ

205 3522 219 3570 1
239 3516 290 3585 Ep.
306 3517 378 3585 XIV,
393 3520 453 3569 141.
505 3521 520 3568 7
540 3514 676 3586 ἀριθμὸν]
696 3512 746 3568 καὶ
762 3513 792 3568 Ρ.
843 3518 877 3567 10
896 3513 947 3583 Ep.
961 3514 1035 3583 XIV,
1051 3519 1111 3570 142.

134 3592 168 3641 14
187 3588 323 3659 ἀριθμὸν]
342 3587 391 3641 καὶ
409 3586 439 3641 Ρ,
496 3591 529 3639 19
548 3585 599 3654 Ep.
613 3586 686 3654 XIV,
702 3590 763 3641 143.
