2578 3984
197 221 258 284 118
437 220 689 276 PACHYMERAE
708 221 968 278 PARAPHRASIS.

195 385 303 450 αὐτῶν
323 385 440 467 μονάς·
465 370 514 468 ιδ,
531 370 551 448 δ
570 383 624 450 καὶ
643 385 663 468 ἡ
683 384 856 484 ἀφαίρεσις
875 385 986 450 αὐτῶν
1005 385 1105 462 δυάς·
1124 386 1212 469 Q?

194 491 247 556 καὶ
271 493 291 574 ἡ
316 491 490 590 ἀφαίρεσις
517 492 627 556 αὐτῶν
655 493 760 577 τριάς·
788 493 882 575 κδ,ῆ
909 490 964 557 καὶ
987 493 1008 576 ἡ
1034 492 1210 577 ἀφαίρεσις

194 599 303 663 αὐτῶν
323 599 448 680 τετράς·
473 603 507 680 λ,
526 601 543 662 ῖ
562 596 617 664 καὶ
636 599 655 681 ἡ
676 598 850 684 ἀφαίρεσις
869 599 979 664 αὐτῶν
997 599 1132 677 πεντάς·
1155 598 1210 665 καὶ

193 705 323 790 ἐφεξῆς·
348 707 383 769 οί
399 702 460 789 μὲν
479 707 541 790 γὰρ
560 708 691 788 μείζους
709 707 790 773 κατδι
808 707 869 788 τὴν
889 705 952 772 ἀτδ
971 715 1031 772 τοῦ
1049 708 1071 774 ξ
1089 708 1173 771 κατὰ
1191 709 1211 775 ξ

166 815 375 895 ιττρόβασιυ,
400 812 436 876 οί
457 809 493 877 δὲ
518 811 672 889 ἐλάττους
694 813 776 877 κατὰ
798 814 859 895 τὴν
884 812 947 878 ἀπὸ
976 813 1101 889 δυάδος
1128 815 1210 877 κατά

191 922 269 994 τοὺς
288 919 422 1002 ἀρτίους
439 921 604 1005 κρόβασιν
622 917 677 984 καὶ
698 920 734 983 αί
750 918 941 1004 ἀφαιρέσεις
959 919 1111 984 εὔτακτοι
1127 922 1210 984 κατά

191 1027 227 1089 τὸ
251 1035 338 1110 χῦμα
362 1037 422 1091 τοῦ
445 1026 601 1111 ἀριθμοῦ.

254 1130 325 1196 Ἐπὶ
359 1130 395 1198 δὲ
428 1131 647 1216 ἑξαπλασίων,
682 1125 755 1198 οἷον
784 1119 813 1217 ζ,
838 1136 859 1217 β
895 1131 950 1198 καὶ
980 1134 1000 1217 ἡ
1031 1132 1209 1219 ἀφαίρεσις

191 1240 301 1304 αὐτῶν
319 1240 440 1322 μονάς·
459 1225 504 1320 ἦ,
520 1225 540 1304 δ
559 1238 614 1304 καὶ
632 1240 653 1323 ἡ
673 1239 847 1326 ἀφαίρεσις
866 1241 977 1306 αὐτῶν
993 1241 1092 1317 δυάς·
1115 1242 1210 1326 εἶά,ξ

151 1369 176 1404 10
190 1344 243 1410 καὶ
267 1345 286 1428 ἡ
311 1345 485 1428 ἀφαίρεσις
512 1344 622 1410 αὐτῶν
649 1346 754 1430 τριάς·
787 1350 884 1428 κῶμ’]
910 1343 966 1410 καὶ
988 1347 1009 1430 ἡ
1033 1347 1210 1435 ἀφαίρεσις

190 1453 300 1516 αὐτῶν
327 1453 453 1537 τετράς·
483 1437 534 1535 λ-ε,
557 1456 575 1516 ῐ
602 1449 657 1516 καὶ
683 1453 704 1537 ἡ
733 1453 907 1537 ἀφαίρεσις
934 1453 1045 1519 αὐτῶν
1072 1457 1208 1533 πεντάς·

189 1558 243 1622 καί
268 1558 395 1642 ἐφεξῆς·
421 1561 456 1624 οί
476 1556 537 1644 μὲν
560 1560 622 1644 γάρ
647 1563 776 1644 μείζους
799 1560 862 1624 ἀπὸ
885 1544 904 1637 ζ
924 1561 1006 1625 κατὰ
1027 1545 1046 1639 ζ
1067 1565 1209 1647 προβαί-

189 1683 318 1747 νουσιν,
343 1667 378 1730 οί
395 1663 432 1731 δὲ
450 1665 606 1743 ἐλάττους
628 1668 710 1731 κατὰ
729 1670 807 1743 τοὺς
827 1666 961 1748 ἀρτίους
984 1667 1047 1732 ἀπὸ
1072 1669 1209 1746 δυάδος.

253 1766 324 1834 Ἐπὶ
353 1767 390 1836 δὲ
418 1771 663 1856 ἕττατιλασίων,
693 1765 766 1839 οἷον
793 1758 874 1858 m
898 1772 953 1838 καὶ
980 1773 1001 1857 ἡ
1030 1773 1209 1861 ἀφαίρεσις

150 1901 174 1936 15
192 1878 302 1942 αὐτῶν
335 1879 451 1961 μονάς·
483 1866 576 1964 ι’ἐ,δ
607 1878 662 1946 καὶ
694 1880 715 1963 ἡ
749 1880 923 1964 ἀφαίρεσις
960 1880 1072 1945 αὐτῶν
1109 1881 1207 1958 δυάς·

187 1967 278 2065 Q}
302 1983 356 2048 καὶ
380 1985 400 2069 ἡ
420 1986 594 2071 ἀφαίρεσις
618 1987 729 2052 αὐτῶν
752 1987 854 2071 τριάς·
881 1971 972 2071 sm
991 1985 1046 2052 καὶ
1065 1987 1086 2070 ἡ
1107 1987 1207 2070 ἀφαί-

189 2110 278 2174 ρεσις
306 2093 417 2156 αὐτῶν
440 2094 568 2177 τετράς·
599 2090 655 2158 καὶ
683 2091 812 2178 ἐφεξῆς·
842 2095 877 2157 οί
901 2090 963 2178 μὲν
986 2095 1050 2178 γάρ
1073 2097 1207 2177 μείζους

188 2197 250 2262 ἀπὸ
274 2208 295 2280 ἦ
319 2199 400 2262 κατὰ
423 2199 561 2281 ὀκτάδα,
591 2201 627 2264 οί
647 2195 684 2264 δὲ
707 2199 862 2277 ἐλάττους
885 2201 949 2266 ἀπὸ
974 2202 1099 2278 δυάδος
1122 2204 1206 2268 κατὰ

187 2308 264 2382 τοὺς
288 2305 430 2387 ἀρτίους.

148 2434 173 2469 ‘2⁰
251 2410 321 2476 Ἐπὶ
352 2409 388 2477 δὲ
416 2413 661 2496 ὀκταπλασίαν,
691 2405 764 2479 οἷον
791 2397 828 2495 δ,
843 2417 865 2495 β
892 2410 947 2478 καὶ
975 2413 995 2496 ἡ
1027 2413 1205 2498 ἀφαίρεσις

187 2518 297 2584 αὐτῶν
330 2521 446 2603 μονάς·
479 2505 574 2604 ἠδ
606 2518 660 2585 καὶ
696 2520 716 2603 ἡ
750 2520 924 2605 ἀφαίρεσις
957 2519 1068 2584 αὐτῶν
1102 2521 1206 2598 δυάς·

186 2610 272 2706 ιιζ,ξ
294 2625 348 2691 καὶ
372 2627 392 2709 ἡ
417 2627 592 2711 ἀφαίρεσις
615 2627 725 2691 αὐτῶν
748 2627 853 2710 τριάς·
878 2611 970 2710 sm
989 2625 1044 2691 καὶ
1062 2627 1082 2710 ἡ
1103 2628 1204 2712 ἀφαί-

187 2750 276 2814 ρεσις
300 2734 410 2797 αὐτῶν
433 2734 560 2815 τετράς·
588 2731 644 2798 καὶ
667 2731 719 2798 ἀεὶ
746 2733 863 2809 οὕτως·
895 2734 930 2798 οί
955 2728 1017 2817 μὲν
1040 2735 1104 2818 γὰρ
1133 2739 1205 2818 μεί-

188 2843 262 2915 ζους
286 2840 348 2902 ἀπὸ
364 2826 396 2902 ’δ
420 2838 472 2903 ἐστὶ
495 2825 802 2924 δπροβαίυουσιν,
833 2840 868 2904 οί
894 2835 930 2903 δὲ
955 2839 1111 2917 ἐλάττους
1137 2841 1204 2908 ἀπὸ

147 2967 172 3005 ει
188 2946 311 3021 δυάδος
335 2946 415 3009 κατά
439 2948 517 3021 τοὺς
540 2944 683 3030 ἀρτίους.

251 3048 321 3115 Ἐπὶ
346 3052 608 3134 ἐννεαπλασίαν,
633 3042 707 3118 οἷον
729 3056 748 3116 ῐ
771 3051 825 3117 καὶ
849 3058 870 3136 β
900 3051 956 3118 καὶ
978 3054 998 3137 ἡ
1028 3053 1205 3140 ἀφαίρεσις

187 3159 298 3223 αὐτῶν
322 3159 439 3242 μονάς·
462 3143 535 3242 κ,δ
557 3157 612 3223 καὶ
635 3159 655 3242 ἡ
681 3159 855 3245 ἀφαίρεσις
878 3160 990 3225 αὐτῶν
1009 3161 1102 3238 δυάς·
1127 3147 1204 3242 L}

186 3263 240 3328 καὶ
263 3265 283 3348 ἡ
308 3265 483 3350 ἀφαίρεσις
506 3264 661 3352 <αὐτῶν>
684 3267 790 3352 τριάς·
814 3270 889 3350 Μ
912 3263 1007 3350 καὶὴ
1027 3267 1203 3352 ἀφαίρεσις

187 3372 297 3436 αὐτῶν
320 3372 446 3458 τετράς·
473 3373 543 3457 M
566 3371 620 3438 καὶ
642 3375 661 3457 ἡ
686 3373 862 3459 ἀφαίρεσις
885 3374 996 3439 αὐτῶν
1019 3383 1049 3438 ε·
1072 3373 1126 3440 καὶ
1151 3375 1204 3440 ἀεὶ

146 3478 316 3560 εοέφεξῆς·
345 3481 380 3544 οί
404 3478 466 3564 μὲν
493 3482 557 3565 γάρ
586 3484 716 3565 μείζους
744 3481 808 3546 ἀπὸ
835 3491 896 3547 τοῦ
923 3483 941 3547 ἶ
964 3480 1017 3546 ἐπὶ
1044 3484 1071 3565 I,
1104 3483 1138 3547 οί
1164 3479 1202 3548 δὲ

187 3584 342 3662 ἐλάττους
365 3589 446 3652 κατὰ
469 3589 547 3664 τοὺς
570 3588 705 3673 ἀρτίους
728 3587 792 3652 ἀπὸ
816 3589 948 3666 δυάδος.
