2568 3980
164 194 227 259 148
429 193 583 250 SOHOLIA
600 195 641 250 IN
657 194 907 250 DIOPHANTUM.

163 359 355 441 Διόφαντος
393 358 453 442 οὐχ
490 357 677 442 ὡρισμένον
714 360 794 442 ἔχει,
832 353 905 422 ἀλλ’
934 359 978 435 ὡς
1009 359 1179 442 ποσότητα

163 465 268 548 μόνον
295 465 370 529 τινδι
397 468 529 546 τίθησι·
553 462 608 530 καὶ
632 465 695 548 γάρ
721 463 758 528 έν
785 455 835 540 οἷς
857 460 918 548 μέν
940 475 1008 529 τῶν
1030 466 1179 547 προβλη-

163 570 276 653 μάτων
302 573 467 637 πλειόνων
500 570 658 655 μονάδων
687 570 873 655 εὑρίσκεται
901 570 919 636 δ
948 568 1106 656 ἀριθμός,
1139 570 1180 636 έν

164 669 215 754 οἷς
238 675 269 741 δ’
286 676 479 742 ἐλαττόνων.
518 680 587 743 ἔστι
611 673 641 741 δ’
660 672 702 742 οὗ
724 675 779 742 καὶ
802 677 949 761 μονάδος
972 676 1125 742 ἐλάττων.

135 811 150 852 5
227 778 350 850 Ἰστέον
372 807 409 868 γε
433 784 499 868 μὴν
523 783 560 849 έν
583 785 690 873 τούτῳ
713 791 759 874 τῷ
786 795 826 848 αθ
849 787 1066 869 προβλήματι,
1090 783 1135 860 ὧς
1160 783 1179 850 δ

164 891 461 976 διαιρεθησόμενος
489 890 648 976 ἀριθμός,
676 897 740 956 είτε
763 892 876 977 ἀρτιός
898 890 1005 974 ἐστιν,
1034 897 1099 955 είτε
1121 912 1179 956 πε-

164 998 287 1080 ριττός,
324 995 378 1063 καὶ
415 999 477 1081 τὴν
513 998 681 1083 ὑπεροχὴν
716 1005 777 1062 τοῦ
815 1000 964 1081 μείζονος
999 999 1082 1082 πρὸς
1118 998 1180 1062 τὸν

165 1101 321 1168 ἐλάττονα
349 1103 466 1189 ἀρτίαν
495 1104 641 1168 δυνατὸν
669 1098 755 1168 εἶναι
784 1101 805 1187 ἢ
833 1104 989 1187 περιττὴν
1013 1089 1181 1187 ὁποτέρως

164 1210 287 1292 βούλει.
334 1212 382 1274 έτι
414 1208 468 1275 καλ
500 1219 599 1275 τοῦτο
627 1207 738 1275 ἰστέον
765 1208 810 1287 ὡς
837 1209 896 1275 ἐάν
923 1234 958 1275 τε
986 1207 1041 1274 ἀπ’
1059 1208 1177 1294 ἀρτίου

126 1349 152 1388 10
166 1317 320 1400 περιττὸν
343 1315 478 1402 ἀφέλῃς,
503 1316 561 1381 έάν
583 1338 618 1381 τε
642 1315 705 1405 ἀπὸ
727 1324 883 1402 περιττοῦ
907 1318 1033 1400 ἀρτιον,
1050 1316 1089 1380 τὸ
1110 1321 1180 1381 λοι-

165 1423 230 1487 πὸν
252 1424 407 1508 περιττὸν
430 1424 534 1487 ἔσται·
562 1421 617 1488 καὶ
641 1426 792 1488 καθόλου
814 1432 878 1499 πᾶς
900 1425 1012 1507 ἀρτιος
1035 1420 1181 1507 ἀριθμὸς

166 1529 186 1613 ἢ
215 1529 250 1594 έκ
278 1530 340 1595 δύο
368 1529 492 1614 ἀρτίων
520 1527 540 1612 ἢ
569 1530 631 1594 δύο
660 1541 822 1614 περιττῶν
851 1529 1019 1614 σύγκειται
1047 1527 1102 1594 καὶ
1133 1532 1182 1606 εἰς

167 1636 288 1714 αὐτοὺς
316 1636 506 1722 διαιρεῖται,
535 1637 618 1701 ὥστε
642 1635 705 1701 ἀπὸ
729 1633 790 1720 μὲν
813 1635 929 1722 ἀρτίου
953 1635 1115 1719 ὁπότερον
1138 1635 1182 1701 ἀν

168 1737 256 1819 εἶδος
280 1741 416 1828 ἀφέλῃς,
439 1744 476 1808 τὸ
500 1743 618 1809 λοιπὸν
637 1743 755 1827 ὅμοιον
775 1745 865 1808 ἔσται
884 1750 930 1829 τῷ
950 1741 1181 1827 ἀφαιρεθέντι,

128 1879 154 1918 15
169 1849 231 1914 ἀπὸ
265 1845 302 1914 δὲ
334 1858 500 1935 περιττοῦ,
530 1850 729 1915 τούναντίον
760 1857 822 1915 τοῦ
854 1847 1104 1933 ἀφαιρεθέντος.
1150 1851 1183 1914 εί

168 1958 284 2020 τοίνυν
316 1953 371 2021 καὶ
407 1956 444 2021 έν
476 1958 562 2044 τῷδε
598 1958 643 2043 τῷ
680 1959 887 2040 προβλήματι
923 1957 983 2021 τὸν
1014 1958 1032 2020 ῖ
1065 1957 1183 2038 ἀρτιον

169 2061 330 2147 διέλωμεν
348 2063 396 2140 είς
419 2064 482 2128 δύο
506 2061 671 2149 ἀριθμοὺς
694 2064 778 2129 ὥστε
800 2064 860 2128 τὸν
883 2066 980 2147 μείζω
1003 2070 1063 2127 τοῦ
1087 2062 1183 2127 έλάσ-

169 2185 269 2258 σονος
303 2170 379 2254 μον
415 2168 602 2255 ὑπερέχειν,
640 2173 901 2254 συσταθήσεται·
932 2169 1183 2254 ἀφαιρεθεισῶν

169 2277 232 2360 γὰρ
259 2286 326 2341 τῶν
354 2279 444 2360 W,
473 2277 572 2341 λοιπὰ
595 2262 624 2361 ξ,
651 2277 733 2361 άπερ
762 2278 938 2362 διαιρεῖται
964 2278 1011 2354 είς
1035 2272 1102 2363 μί’
1126 2275 1184 2341 καὶ

131 2412 157 2451 ιο
170 2387 192 2468 μ
206 2382 247 2466 λ’,
267 2377 314 2448 ὧν
332 2381 464 2470 θατέρῳ
488 2383 527 2447 αί
545 2385 568 2468 μ
580 2395 617 2468 μο
639 2390 851 2449 συντεθεῖσαι
873 2392 1008 2450 ποιοῦσι
1030 2385 1091 2450 τὸν
1114 2385 1185 2467 μεί-

172 2492 249 2568 ζονα
271 2487 338 2566 ξύ]
361 2487 416 2554 καὶ
441 2491 501 2555 τὸν
525 2483 688 2556 ἐλάσσονα
711 2488 794 2574 Μ’·
817 2492 858 2556 τδι
880 2486 917 2556 δὲ
941 2487 1004 2568 {L'
1027 2491 1140 2575 τῶν-μ
1154 2488 1185 2566 L'
1215 2533 1217 2540 ›

171 2594 322 2679 ὑπερέχει
344 2599 425 2680 W.

229 2701 322 2768 Ἔστι
337 2699 374 2767 δέ
388 2700 443 2767 καὶ
462 2713 653 2789 νραμμικῶς
671 2704 707 2768 τὸ
727 2712 858 2768 τοιοῦτο
873 2706 1047 2788 πρόβλημα
1063 2705 1187 2790 εὑρεῖν.

171 2808 332 2875 ἐκκείσθω
370 2811 717 2895 παραλληλόγραμμον
748 2810 785 2875 τὸ
822 2813 972 2893 ΑΒΓΔ,
1009 2808 1064 2875 καλ
1102 2814 1186 2876 έστω

133 2915 191 2997 ετὴ
216 2939 293 3088 μενῆ
299 2917 369 2979 ΑΓ
388 2916 557 2980 τοσούτων
582 2916 782 2999 μονάδων”
764 2933 853 2982 οσων
877 2913 966 2981 ἐστὶν
990 2915 1109 2981 δ’ποῑον
1129 2919 1187 3000 δή·

441 3037 454 3087 ξ
514 3052 527 3100 ῃ
574 3052 585 3086 ς
638 3039 750 3100 βποτε
776 3020 876 3107 μέρος
897 3031 959 3088 τοῦ
982 3046 1005 3106 μ
1028 3021 1187 3107 ἀριθμοῦ,

578 3128 802 3262 ἶ“πλὴν
788 3153 843 3194 ινα
870 3126 925 3193 καὶ
951 3128 1018 3194 ὁ
997 3155 1016 3215 ρ
1044 3129 1190 3217 ἀριθμὸς

578 3213 853 3320 ἶδμώνυμον
882 3238 1002 3321 μόριον
1032 3239 1089 3322 έχῃ
1118 3247 1190 3314 ταῖς

200 3351 625 3414 ι’*Ἶ-θ*
628 3353 654 3401 θ
672 3343 840 3419 τοιαύταις
858 3343 1008 3426 μονάσιν.
1044 3346 1127 3410 ἔστω
1147 3344 1189 3429 δὴ

133 3461 255 3536 εομθέ,
284 3452 407 3528 αἳτινες
429 3461 478 3535 ιβ’
506 3449 605 3535 μέρος
632 3448 701 3516 ἐστὶ
728 3459 789 3516 τοῦ
816 3470 857 3535 μ·
885 3447 955 3515 ἐπεὶ
985 3447 1022 3516 δέ
1048 3449 1104 3515 καὶ
1128 3452 1188 3518 δ
1170 3476 1189 3536 ρ

174 3561 239 3643 ἔχει
263 3568 305 3623 ⁶⁰⁷
332 3556 432 3642 μέρος
458 3558 498 3621 τδι
521 3558 556 3640 κ,
589 3559 671 3622 έστω
699 3555 754 3623 καὶ
776 3556 797 3641 ἡ
820 3561 886 3622 ΑΒ
905 3568 942 3642 μθ
960 3558 996 3640 κ,
1023 3555 1078 3621 καὶ
1104 3561 1189 3640 γίνε-

178 3202 190 3238 ³
286 3208 305 3262 οἵ
