2570 3988
520 198 802 258 Paonncotrana'
1140 206 1165 260 V

154 366 237 431 tium
262 367 345 431 sexti
374 367 494 430 saeculi
517 388 590 431 eum
613 366 732 431 vixisse
755 366 842 430 haud
865 366 1078 431 dubitandum
1102 372 1165 451 est;

154 495 216 538 neo
243 472 328 538 infra
356 473 577 538 verisimiliter
607 472 796 566 statuendus
820 477 869 538 est
893 471 948 558 qui
970 479 1067 539 θεῖον
1090 474 1166 540 Pto·

153 581 314 645 lemaeum
338 585 440 646 vocat.
546 636 548 642 .
844 581 850 596 '

221 688 456 773 Prolegomena
478 688 535 752 illa
557 691 627 752 tota
650 688 702 752 rel
720 688 837 752 saltem
855 688 1011 752 ineditam
1031 693 1166 776 partem,

155 797 217 861 etsi
245 797 350 860 lucem
373 799 547 877 mereatur,
575 794 791 879 Diophanteis
815 795 967 880 operibus
992 796 1165 880 adiungere

153 903 240 968 haud
264 902 344 968 mihi
367 903 494 966 animus
518 902 589 968 fuit.
622 900 771 968 Ceterum
795 902 938 986 optimus
957 903 1056 967 codex
1074 903 1165 968 Pari·

153 1010 243 1074 sinus
267 1009 363 1092 2390,
387 1030 450 1094 quo
473 1010 522 1073 uti
545 1013 706 1093 poteram,
730 1010 908 1074 recentiore
932 1031 1032 1074 manu
1056 1009 1166 1095 depra-

152 1122 248 1182 vatus
268 1121 318 1181 est
337 1121 369 1181 et
388 1115 564 1181 Vaticanos
583 1117 821 1199 manuscriptos
841 1115 944 1180 denuo
963 1117 1103 1182 invisere
1123 1117 1163 1182 ob

153 1245 225 1288 eam
248 1245 379 1289 causam
402 1245 468 1287 non
491 1223 636 1287 vacabat.
669 1221 825 1287 Attamen
843 1223 1063 1306 fragmentum
1083 1223 1165 1287 desi-

153 1331 258 1395 derari
284 1334 414 1415 poterat
439 1329 521 1393 illud
546 1329 630 1414 quod
654 1327 688 1394 (l.
708 1329 820 1414 Henry
843 1329 910 1394 iam
932 1330 1080 1415 vulgavit
1103 1329 1163 1394 sub

148 1437 262 1528 titulo:
293 1436 481 1521 Opcscclcm
508 1438 544 1502 dc
571 1437 825 1522 multiplicatione
853 1442 882 1502 et
907 1437 1056 1502 divisione
1077 1455 1164 1501 seac-

147 1545 347 1628 pcsimalibas
376 1543 555 1626 Dioplcuato
587 1544 633 1608 ccl
660 1543 769 1626 Pappo
800 1544 1027 1608 attribuendum
1054 1540 1163 1629 (Halis

151 1650 324 1734 Senoniae,
351 1649 393 1715 H.
416 1649 469 1714 W.
493 1647 653 1731 Schmidt,
683 1647 792 1734 1879).
839 1650 944 1727 Quum
970 1649 1162 1735 praesertim

150 1758 247 1822 huius
280 1757 413 1822 editoris
442 1756 619 1841 stupendae
646 1757 802 1821 lectiones
831 1758 1053 1822 acutissimum
1082 1755 1163 1820 Hul-

150 1865 306 1948 tschium,
341 1886 382 1928 ne
415 1886 466 1928 me
498 1865 605 1948 ipsum
639 1863 758 1945 dicam,
789 1863 876 1928 haud
910 1864 1008 1928 semel
1040 1863 1163 1927 frustra

150 1968 349 2058 torserint1),
372 1993 488 2055 operae
510 1971 650 2055 pretium
674 1970 743 2035 fore
768 1969 844 2035 duxi
867 1971 895 2035 si
918 1971 1054 2034 eundem
1079 1969 1163 2035 codi-

150 2101 220 2142 cem
253 2078 394 2143 fideliter
422 2078 649 2161 describerem,
680 2099 796 2162 nempe
823 2077 1006 2142 Parisinum
1034 2077 1099 2142 453
1129 2077 1163 2140 in

151 2207 214 2269 quo
235 2184 375 2250 Ioannes
395 2207 414 2249 a
433 2182 690 2268 Sancta-Maura,
714 2185 799 2249 circa
818 2206 938 2248 annum
960 2184 1055 2262 1600,
1077 2183 1164 2268 frag·

151 2297 296 2357 mentum
323 2292 403 2356 illud
426 2314 465 2356 ex
488 2291 648 2356 Vaticano
673 2291 813 2376 quodam
836 2292 1057 2374 manuscripto
1082 2291 1162 2354 satis

152 2400 275 2465 curiose
309 2399 534 2483 depromptum
567 2398 618 2462 bis
651 2398 802 2482 inseruit,
838 2396 1005 2462 Hultschii
1037 2397 1162 2481 aliquas

111 2565 112 2568 ,
151 2507 353 2572 coniecturas
377 2506 539 2590 adnotavi,
562 2505 618 2569 sed
641 2527 698 2570 cur
720 2504 964 2588 praecedentem
988 2505 1161 2568 editionem

153 2613 282 2677 omnino
305 2614 510 2698 neglexerim,
534 2613 588 2697 qui
610 2611 700 2676 illam
723 2611 842 2675 viderit
861 2612 973 2675 statim
993 2610 1162 2694 intelliget.

220 2719 249 2782 3.
273 2718 417 2783 Tertium
440 2719 661 2803 fragmentum
685 2717 752 2801 (pp.
779 2715 922 2802 15—31)
946 2717 978 2780 in
1004 2717 1161 2801 catalogis

152 2824 238 2888 haud
262 2825 456 2889 recensitum
476 2825 682 2891 doctissimus
701 2823 848 2909 Heiberg
866 2823 1060 2888 amicissime
1080 2823 1162 2887 mihi

151 2931 307 2995 indicavit
329 2952 428 3014 quum
452 2953 489 2996 eo
513 2933 682 3015 praesente
706 2929 838 2994 Parisiis
861 2930 993 2994 fruerer.
1028 2929 1161 2995 Nemini

151 3038 271 3103 lemma
289 3036 487 3120 Διοφάντου
509 3039 617 3102 fucum
641 3037 751 3119 faciet3
774 3037 961 3102 Heroniana
984 3038 1037 3102 hic
1059 3037 1160 3102 habes

150 3146 185 3209 in
217 3131 325 3209 codice
359 3165 440 3208 saec.
463 3142 541 3208 XIV
573 3166 633 3208 nec
663 3144 798 3208 meliora
830 3166 890 3208 nec
922 3145 1032 3227 peiora
1065 3166 1161 3228 quam

150 3251 290 3336 plurima
308 3251 542 3316 Hultschianae
562 3250 771 3315 collectionis.
808 3251 891 3315 Tum
910 3252 1065 3336 temporis
1083 3251 1160 3315 Dio-

150 3359 264 3442 phanti
297 3380 415 3423 nomen
442 3356 632 3442 Byzantinis
665 3358 717 3422 diu
748 3379 849 3442 paene
880 3358 1092 3442 incognitum,
1124 3363 1161 3421 ut

222 3520 248 3649 19)
269 3516 427 3584 Zeileclrrist
448 3517 496 3584 feti
519 3516 608 3572 Mart.
632 3534 659 3571 a.
679 3518 760 3588 Plcps.
780 3515 879 3584 XXIV,
902 3516 1029 3572 hese-zu.
1049 3515 1159 3584 Abtlrlp.

149 3613 176 3664 p.
197 3602 229 3650 19
267 3613 327 3664 sqq.
