2570 3988
195 181 260 234 XVI
562 183 840 237 PROLEGOMENA.

196 343 291 409 facile
324 343 390 429 legi
421 347 571 428 possunt3
605 344 667 409 duo
696 342 743 431 (p.
766 346 843 430 260,
874 346 915 410 10
942 351 976 410 et
1004 345 1062 433 21)
1094 370 1210 413 manca
1269 371 1271 374 ·

197 451 349 515 librarius
364 451 497 535 reliquit
511 447 609 537 (quae
624 452 884 535 sequebanturin
894 452 1079 518 Matritensi
1088 454 1211 519 frustra

197 558 343 623 divinare
362 554 513 645 tentavi);
536 561 612 642 post
630 560 853 643 quaestionem
871 562 896 644 I,
915 562 968 644 28,
990 561 1079 626 inani
1098 543 1211 637 labore

200 665 355 749 defessus,
387 664 543 729 ulteriora
570 664 727 750 neglexit,
760 665 816 729 sed
843 667 1000 749 quaedam
1027 670 1124 732 antea
1151 689 1211 732 suo

199 770 304 836 Marte
334 769 471 857 (scholia
493 772 528 854 4,
552 771 586 853 5,
610 769 646 857 6)
676 770 852 836 addiderat.
899 772 1050 838 Vaticani
1074 795 1121 859 gr.
1145 775 1212 840 304

199 876 396 962 (apographi
419 900 458 942 ex
483 875 528 962 V)
552 878 691 962 scriptor
714 874 807 963 (XVI
826 877 922 963 saec.)
947 879 1070 944 scholia
1090 881 1140 964 16,
1161 881 1212 964 17,

201 986 242 1051 18
261 986 338 1048 item
359 984 514 1050 adiunxit.
542 983 622 1048 Inde
642 984 750 1047 omnia
765 984 964 1048 defluxerunt
978 985 1012 1048 in
1025 984 1211 1050 Parisinum

203 1092 304 1176 2378,
326 1091 359 1155 in
383 1090 636 1174 Neapolitanum
659 1088 709 1154 ΙΙΙ
732 1089 757 1156 0
783 1091 833 1173 17,
857 1113 937 1174 quos
961 1091 1098 1174 contuli,
1122 1093 1212 1156 etin

201 1198 283 1264 alios
307 1199 430 1263 codices
455 1197 598 1262 eiusdem
620 1197 772 1261 familiae.

263 1307 294 1370 4.
326 1303 365 1369 In
393 1303 622 1386 Pachymereis
655 1303 827 1368 Planudeis
862 1309 895 1368 et
926 1305 1049 1370 ultimis
1078 1305 1211 1370 scholiis

199 1413 340 1495 edendis,
362 1411 428 1475 imo
452 1411 486 1475 in
509 1415 580 1476 toto
598 1410 660 1476 hoe
679 1411 851 1494 volumine,
875 1411 931 1475 illa
949 1415 1077 1476 tantum
1097 1412 1213 1476 menda

199 1518 344 1584 tollenda
367 1539 438 1582 esse
462 1517 538 1582 duxi
561 1538 642 1601 quae
666 1539 733 1581 non
758 1517 882 1581 auctori
905 1517 968 1600 ipsi
993 1517 1093 1582 tribui
1116 1539 1213 1602 posse

200 1625 333 1708 credidi,
353 1647 450 1708 quam
468 1625 636 1701 rationem,
655 1624 689 1688 in
706 1624 814 1707 priore
829 1624 990 1687 volumine
1005 1624 1071 1688 iam
1088 1624 1214 1709 initam,
1241 1687 1246 1701 ,

200 1733 303 1796 multo
327 1731 433 1815 magis
457 1730 491 1794 in
515 1730 577 1794 hoc
595 1731 698 1794 altero
719 1751 846 1794 servare
868 1729 1033 1814 debebam,
1057 1751 1155 1813 quum
1174 1731 1213 1794 de

202 1838 415 1922 scriptoribus
430 1836 589 1920 sequioris
599 1836 669 1900 aevi
681 1837 846 1920 agebatur.
867 1834 1049 1900 Peculiares
1060 1837 1213 1920 cuiusque

201 1967 317 2028 mores,
341 1945 425 2008 sicut
448 1945 481 2007 in
505 1943 669 2008 codicibus
695 1942 902 2027 adparebant,
926 1942 966 2006 ad
990 1943 1123 2007 eandem
1141 1926 1236 2008 nors

202 2073 288 2115 mam
317 2051 446 2135 adigere
474 2050 633 2132 imprimis
661 2049 766 2131 nolui,
797 2053 829 2114 et
857 2070 903 2112 ex.
928 2070 973 2133 gr.
1000 2042 1070 2124 ἶσος
1098 2049 1214 2133 scripsi

201 2159 235 2222 in
259 2157 479 2241 Pachymerea
501 2155 703 2242 paraphrasi,
727 2161 798 2231 ἶσος
822 2155 910 2220 alibi.

268 2262 317 2327 De
347 2263 593 2347 diagrammatis
622 2284 704 2347 quae
731 2264 765 2327 in
793 2261 954 2326 Planudeo
982 2262 1214 2327 commentario

201 2370 414 2454 reperiuntur,
424 2392 526 2455 pauca
536 2369 735 2454 addam3illa
747 2391 843 2453 quam
853 2369 1038 2433 fidelissime
1049 2367 1215 2453 descripsi,
1266 2361 1267 2449 1

202 2477 257 2541 sed
282 2499 433 2542 numeros
458 2477 629 2542 mendosos
652 2476 815 2541 interdum
839 2476 937 2539 tacite
961 2476 1098 2558 correxi,
1125 2475 1215 2540 nulla
1264 2489 1266 2578 j

202 2584 359 2649 varietate
370 2584 547 2649 lectionum
555 2583 705 2648 indicata.
721 2581 1214 2667 Compendiasiclegeudasunt:

273 2686 329 2756 'Et
510 2690 659 2754 ἐλάσσων
771 2681 832 2753 Mi.
894 2688 1011 2771 μείζων

774 2796 872 2878 drur‘p.
894 2794 1055 2877 dictatore
1250 2795 1263 2872 l

773 2905 866 2965 πολλ.
894 2901 1207 2983 πολλαπλασιασμός

276 2795 356 2862 aar.

202 2906 254 2970 vel
277 2905 408 2988 ὑπεροῖ.

415 2800 428 2968 Ι
511 2850 656 2934 ὑπεροχή

278 3012 349 3075 sos.
509 3013 642 3086 ἔπθεσις
774 3008 830 3091 ἀφ.
898 3007 1072 3090 ἀφαίρεσις

278 3120 383 3287 apol
509 3121 692 3203 πρόσθεσις
775 3139 844 3200 pso.
897 3115 1054 3198 μερισμός

203 3226 254 3290 vel
276 3247 330 3308 πρ.
434 3226 485 3289 vel
507 3226 685 3306 προσθήκη
775 3223 874 3287 oded,
896 3223 1056 3295 σύνθεσις

278 3331 333 3396 ὑπ.
509 3330 707 3406 ὑποστάσεις
777 3352 860 3410 πεπρ.
897 3327 1160 3411 πεπραγωνισμός

278 3445 348 3503 ἴσω.
511 3442 622 3511 ῖσωσις
777 3439 829 3499 rat.
897 3433 1023 3517 πλευρά

279 3550 326 3609 tn.
512 3545 656 3607 λείπεται
779 3551 844 3609 πρῶ
897 3540 985 3624 παρὰ
1008 3538 1163 3622 ἀριθμόν.

1252 3681 1256 3858 l

1255 3517 1257 3572 l
