2570 3988
139 241 206 294 VHI
509 244 783 296 Pnonnoonnna

143 405 202 469 illc
235 425 331 468 sensu
355 405 402 481 εἰς
424 405 484 468 τὸν
505 404 702 487 Διοφάντου
725 403 816 489 dorp.
835 429 907 469 καν.
927 405 1058 469 omnino
1081 407 1157 470 scri-

144 510 285 575 bendum
300 509 424 576 fuisset.
446 509 596 576 Ceterum
609 511 731 575 nnllam
747 511 997 578 astronomicam
1011 511 1156 575 tabulam

145 614 303 704 (naariae)
318 622 394 703 post
404 616 627 683 Ptolemaeum
642 617 727 702 apud
742 621 867 683 veteres
882 618 1044 683 conditam
1057 617 1157 683 fuisse

144 727 235 789 extra
263 724 396 790 dubium
425 729 487 808 est3
517 724 635 790 ideirco
664 728 739 789 ante
766 725 827 790 τὸν
855 724 963 790 addidi
986 725 1033 801 εἰς
1057 725 1156 810 (quod

144 829 238 894 facile
262 830 455 898 intercidere
478 828 598 918 potnit)
621 837 653 895 et
672 853 770 914 quum
789 832 1014 896 commentarii
1031 831 1079 908 εἰς
1096 831 1157 896 τὸν

143 941 356 1021 Πτολεμαίου
383 940 562 1022 πρόχειρον
584 939 711 1003 κανόνα
736 936 864 1022 (Suidas
890 960 916 1002 v.
942 935 1052 1022 Θέων)
1076 938 1158 1004 duae

144 1045 348 1109 recensiones
373 1045 477 1110 adhuc
500 1048 636 1129 exstent,
660 1045 796 1109 alteram
816 1044 941 1110 Theoni
959 1045 1045 1128 patri
1066 1044 1157 1109 cuius

142 1151 205 1216 snb
232 1152 364 1216 nomine
391 1151 552 1234 feruntur,
583 1152 720 1215 alteram
743 1150 908 1235 Hypatiae
935 1151 1024 1216 filiae
1048 1150 1158 1215 deberi

142 1258 283 1323 libenter
306 1258 442 1323 credam.
489 1255 551 1322 Sed
575 1258 613 1322 de
636 1258 687 1322 his
711 1259 800 1322 alias.

209 1364 344 1430 Nullum
368 1369 477 1430 autem
496 1363 675 1448 Diophanti
694 1387 775 1449 opus
794 1369 924 1448 praeter
942 1363 1159 1430 Arithmetica

145 1476 179 1537 et
198 1471 346 1537 libellum
366 1471 405 1535 de
424 1471 598 1556 polygonis
617 1471 761 1535 numeris
780 1493 922 1554 unquam
938 1472 1006 1535 iure
1021 1493 1157 1537 comme-

144 1584 306 1643 moratum
330 1581 389 1642 est.
423 1576 457 1642 Si
481 1578 519 1642 de
542 1577 753 1643 Harmonicis
778 1577 969 1662 quibusdam
994 1577 1157 1643 Gesnerns
1283 1569 1284 1574 ἵ

143 1689 177 1749 et
208 1684 331 1749 Romus
369 1684 471 1750 locuti
509 1688 600 1768 sunt,
638 1685 802 1749 manifesti
840 1684 959 1749 erroris
997 1685 1089 1770 origo
1124 1685 1158 1748 in

144 1793 299 1876 promptu
319 1796 382 1878 est3
405 1792 438 1855 in
458 1791 567 1856 codice
587 1791 674 1855 enim
690 1789 850 1855 Vaticano
872 1788 969 1876 1911)
989 1796 1064 1874 post
1082 1789 1158 1854 Dio-

144 1897 290 1983 phantea
318 1920 416 1983 opera
445 1900 477 1961 et
506 1898 574 1962 sine
599 1898 739 1962 auctoris
763 1897 892 1961 nomine
916 1897 1077 1981 reperitur
1099 1897 1159 1962 illa

141 2005 320 2090 Εἰσαγωγὴ
353 2004 514 2091 ἁρμονική
548 2027 629 2088 quae
661 2005 714 2068 vel
745 2003 873 2069 Euclidi
904 2004 956 2068 vel
985 2003 1157 2070 Cleonidae

144 2113 345 2179 adscribitur.
393 2111 570 2177 Lemmatis
595 2111 739 2194 omissio,
761 2132 847 2175 nunc
870 2110 904 2175 in
927 2111 1049 2176 recenti
1072 2114 1159 2175 cata·

145 2221 222 2305 logo
247 2219 349 2284 codici
372 2218 515 2303 praefixo
540 2221 695 2302 correcta,
719 2217 861 2282 Gesnero
885 2216 994 2282 fucum
1018 2217 1105 2282 iecit.

212 2324 351 2391 Omnino
384 2324 485 2410 igitur
513 2325 710 2409 optimorum
740 2321 858 2389 Snidae
886 2323 1031 2389 codicum
1059 2325 1158 2389 lectio
1283 2319 1284 2330 ’

144 2436 193 2510 εἰς
223 2435 420 2514 Διόφαντον
457 2431 616 2496 servanda
654 2434 704 2495 est
737 2428 968 2515 Hypatiaeque
1001 2452 1160 2496 commen·

144 2541 265 2606 tarium
306 2540 341 2603 in
384 2537 599 2602 Arithmetica
636 2536 817 2622 Diophanti
859 2538 1015 2621 scriptum
1057 2537 1160 2602 fuisse

147 2646 403 2732 intelligendum.

211 2756 241 2819 4.
274 2753 313 2818 In
341 2754 489 2837 catalogo
522 2773 713 2837 graecorum
738 2749 985 2815 Scorialensinm
1013 2751 1159 2816 codicum

146 2865 297 2945 excerpta
316 2859 523 2944 Diophantea
544 2857 691 2922 Millerus
710 2857 871 2922 recensuit
890 2855 975 2941 (MS.
1004 2863 1033 2920 Y
1049 2893 1091 2904 -
1110 2857 1159 2922 Ill
1194 2846 1195 2849 ¹

147 3005 186 3016 -
201 2969 251 3050 12,
271 2989 352 3032 saec.
366 2965 455 3050 XIV,
473 2965 516 3030 fo.
529 2961 610 3051 73¹).
651 2962 717 3028 Sub
741 2963 825 3028 falso
844 2963 939 3028 titulo
959 2964 1039 3028 satis
1059 2964 1161 3049 longa

145 3074 273 3139 latebat
283 3073 447 3138 Michaelis
456 3072 554 3137 Psellc'
572 3071 700 3154 epistola
716 3068 815 3154 (infra
828 3093 882 3155 pp.
892 3068 1049 3154 37-42),
1063 3093 1160 3154 quani

144 3181 264 3264 raptim
294 3179 449 3263 descripsi
476 3179 508 3243 in
533 3177 711 3262 Hispanico
735 3199 807 3241 meo
832 3177 954 3241 itinere.
1002 3175 1063 3241 Sed
1087 3198 1159 3240 eam

218 3357 244 3422 1)
263 3355 295 3408 In
313 3352 473 3408 Matritensi
492 3356 535 3421 48,
555 3368 588 3406 ex
608 3368 663 3421 qno
682 3350 837 3406 Vaticanus
857 3356 906 3404 191
930 3350 1086 3420 descriptus
1106 3352 1160 3417 est,

147 3443 251 3499 Zosimi
278 3459 380 3497 nomen
407 3441 562 3496 recentiore
581 3457 667 3494 manu
693 3439 822 3494 additum
845 3439 962 3509 legitur3
989 3438 1161 3493 Harmonica
1236 3456 1240 3462 ’
1281 3457 1283 3478 c

146 3534 242 3587 autem
263 3531 316 3586 illa
338 3548 395 3586 non
417 3531 493 3585 idem
514 3529 627 3600 scripsit
644 3528 777 3582 librarius
797 3527 845 3595 qui
863 3527 1025 3597 Diophanto
1045 3543 1159 3598 operam

146 3623 233 3679 dedit.
