2578 3984
159 205 223 270 122
401 204 649 261 PAGHYMERAE
667 205 926 261 PARAPHRASIS.

228 361 289 433 Ὧν
313 368 381 434 έστι
408 369 530 434 τούτου
558 369 599 452 δὴ
627 367 682 434 καὶ
707 378 768 434 τοῦ
790 367 955 455 προτέρου
977 373 1176 455 προβλήμα-
1278 377 1281 416 ἱ

156 499 213 554 τος
239 477 259 560 ἡ
289 474 455 553 ἀπόδειξις
482 476 617 556 τοιαύτη
646 477 728 540 κατὰ
759 476 819 541 τὸν
842 473 1058 562 Ἀλεξανδρέα
1086 481 1174 543 Διό-

157 604 298 667 φαντον·
323 581 406 666 φησὶ
428 583 492 668 γὰρ
516 581 640 659 ἐκεῖνος
664 581 717 646 ἐπὶ
735 578 796 666 μέν
815 591 875 648 τοῦ
898 581 1064 669 προτέρου
1086 605 1173 670 προ-

156 692 322 774 βλήματος
345 690 460 766 αὐταῖς
483 687 610 767 λέξεσιν
634 689 754 766 οὕτως·

129 829 142 868 5
202 795 294 863 Δυσλ
318 798 471 863 δοθεῖσιν
495 796 653 881 ἀριθμοῖς
671 821 699 861 κ.
719 819 745 861 τ.
761 801 788 861 λ.
805 850 811 862 .
827 847 833 860 .
849 848 856 861 .
871 850 877 863 .
893 796 1124 881 τετραπλάσια.

155 903 211 970 καὶ
234 913 336 969 ταῦτα
359 899 421 988 μὲν
443 901 497 968 καὶ
521 904 627 980 οὕτως
649 905 686 969 τὸ
710 906 873 989 πρότερον
892 904 1068 989 πρόβλημα
1089 902 1175 969 ἀπο-

157 1013 335 1095 δείκνυται,
357 1012 394 1076 τὸ
420 1008 456 1076 δὲ
481 1011 638 1094 δεύτερον
662 1011 779 1088 οὕτως·

212 1119 286 1183 Δύο
311 1115 475 1194 δοθέντας
498 1117 664 1203 ἀριθμοὺς
687 1140 714 1181 κ.
728 1140 754 1181 τ.
770 1121 797 1181 λ.
821 1164 897 1182 ....
920 1117 1107 1203 τριπλάσια.

226 1317 241 1364 5
261 1313 291 1365 ef·
309 1317 325 1364 8
344 1309 408 1364 vide
427 1308 481 1364 vol.
496 1309 508 1362 I
526 1327 554 1378 p.
565 1313 607 1378 29,
619 1314 715 1378 6-26,
736 1310 764 1363 ελ
777 1327 804 1378 p.
816 1314 966 1378 30,2-20.
993 1308 1175 1379 compendia

153 1381 271 1437 resolvit
283 1381 454 1450 Pachymere
469 1383 529 1450 (pro
550 1382 577 1434 λλ
593 1379 707 1449 scripsit
720 1384 831 1450 λεῖψις).
864 1379 1024 1436 Variantes.
1029 1380 1174 1436 lectiones

154 1454 226 1508 alias
244 1453 291 1507 hle
309 1451 437 1506 habebis.

224 1523 317 1579 Probl
332 1523 353 1588 Ι,
367 1543 392 1577 x.
426 1527 468 1576 13.
480 1519 547 1577 14
533 1520 654 1596 ενοιτέρφ
673 1539 726 1578 om
772 1527 805 1576 18
824 1525 959 1593 γίνονται.
1001 1528 1044 1579 20.
1064 1527 1097 1578 21
1120 1523 1175 1578 κοιλ

153 1599 261 1667 γίνεται
279 1594 463 1665 μονάδωνεῖς
482 1594 497 1648 ὁ
517 1578 646 1664 ἀρνθμός.
719 1599 753 1647 26
773 1593 842 1648 ὄντα
860 1612 914 1650 om.

224 1663 792 1736 Probl.1,x1.12pslcoaw.ymanus
847 1671 882 1719 14
901 1661 984 1720 έστλν.
1045 1671 1080 1719 17
1099 1663 1173 1723 ἴσαι.

224 1740 256 1793 In
275 1737 401 1807 margine
416 1687 544 1790 additum
558 1738 613 1791 est.
626 1687 891 1828 ὍροςΔιοφαντρν
907 1741 998 1803 λεῖψις
1012 1731 1059 1791 ἐπὶ
1073 1741 1174 1807 λεῑψιν

152 1812 450 1863 πολλαπλασιασθεῖσα
472 1815 553 1863 ποιει
566 1807 700 1877 νπαρξιν
724 1812 815 1878 λειψις
834 1807 865 1862 δε
887 1804 933 1863 έπὶ
951 1807 1072 1877 οπαρξιν
1091 1817 1180 1865 ποιεῖ

153 1921 254 1985 λεῖψιν.
280 1901 470 1985 οἷονξέηι
414 1897 491 1940 ’ὁ
460 1917 497 1988 ιβ
520 1915 885 1986 λεῖψιςτοῦξπρὸςτὸνῆ,
897 1903 1175 1988 βιισδτοῦῆπρδς
1283 1991 1284 1996 1

152 2005 201 2060 τὸν
216 2007 253 2078 ιβ
269 1993 376 2071 δὸπερ
397 1999 470 2059 έστλν
489 2003 713 2074 νπαρξιςῒδμ·
734 2009 826 2074 λειψις
839 2003 970 2077 μοννδβ
985 1998 1031 2058 πὶ
1045 2001 1174 2073 νπαρξιν
1261 2052 1279 2082 ,ιη

152 2095 237 2148 τδν“
220 2113 249 2178 μ
254 2095 562 2184 πολλαπλασιαζόμενος
579 2099 660 2148 ποιεῖ
677 2093 729 2163 τὴν
748 2091 881 2162 λεῖψιν“
866 2112 901 2161 ην
921 2091 983 2182 ἔχει
1007 2091 1021 2147 δ
1045 2097 1074 2165 ιβ
1097 2094 1174 2161 πρὸς
1272 2097 1275 2118 ”

152 2165 230 2220 τὸν
221 2172 249 2233 τῇ
268 2163 398 2233 δηλονότι
416 2165 503 2219 τὸν“
485 2183 509 2222 ς.
542 2165 641 2220 τὸν
610 2186 663 2258 γαρ
683 2165 808 2234 ἀριθμὸν
827 2161 935 2233 λέγει
919 2185 937 2231 η
956 2162 1114 2232 οποιρξιν”
1098 2183 1173 2220 οταν

153 2232 184 2289 ἐκ
203 2244 252 2290 τοῦ
271 2235 433 2306 δοκιμάζειν
452 2235 539 2291 αὐτὸν
556 2237 627 2306 πρὸς
645 2237 729 2291 ἄλλον
747 2235 824 2306 τινα,
850 2236 920 2305 πρὸς
939 2231 1049 2290 ἐκεῖνον
1068 2238 1173 2306 λείπει,
1269 2237 1271 2262 ²

152 2328 169 2374 η
154 2304 342 2362 ὑπόστασιν
361 2306 429 2363 ὅταν
449 2305 519 2362 καθ’
541 2309 628 2363 αὑτὸν
646 2313 743 2379 θεωρῇ
763 2308 812 2362 τὸν
831 2305 964 2377 ἀριθμόν.
