2578 3984
357 187 607 242 PACHYMERAE
626 188 889 245 PARAPHRASIS.
1066 189 1130 255 103

114 349 198 416 κατά
220 371 295 414 τινα
313 351 466 434 ’φυσικὴν
493 350 714 435 ἀκολουθίαν,
747 355 767 417 τι
789 353 865 438 γάρ·
893 353 1044 439 ὑπερέχει
1067 356 1131 441 γάρ

115 456 193 521 ὀῆ
216 466 277 521 τοῦ
299 463 328 541 ἓ,
345 460 375 521 ῖι.

183 561 251 628 Καὶ
273 565 337 647 γάρ
361 563 467 642 οὑτως
489 567 567 649 ἔχει·
599 567 630 630 εί
651 561 712 650 μὲν
735 563 789 630 ἐπὶ
813 567 996 632 διπλασίων
1019 567 1039 650 6
1064 566 1131 633 ἑπι-

114 671 197 754 ταγῇ
217 673 356 755 γίνεται,
375 671 419 748 ὡς
437 670 519 757 φίρε
539 672 595 737 ἴνα
614 671 862 757 ἐπιταττώμεθα
882 674 944 737 δύο
964 673 1132 758 άριθμοὺς
1232 714 1233 718 =

113 777 227 860 εὑρεῖν
265 776 302 842 ἐν
339 779 426 866 λόγῳ
464 787 509 866 τῶ
547 780 629 863 πρὸς
670 778 834 863 ἀλλήλους
875 780 1057 868 διπλασίῳ,
1094 780 1131 846 ἐν
1159 800 1172 840 5

114 884 261 969 ὑπεροχῇ
285 885 454 970 μονάδων,
478 888 509 950 εί
530 883 591 970 μὲν
614 895 699 971 μιᾶς,
719 886 823 963 εὐθύς
846 885 937 952 ε’στιν
961 887 978 952 6
1002 898 1132 972 πρῶτος

114 993 304 1075 διπλάσιος,
333 992 350 1057 6
375 995 396 1076 β
419 992 502 1075 πρὸς
524 994 583 1057 τὸν
607 1002 640 1058 α·
669 994 700 1058 εί
722 989 759 1058 δὲ
787 994 884 1057 δυοῖν
912 995 1084 1078 μονάδων,
1113 995 1131 1060 6

115 1099 220 1175 εὐθὺς
243 1098 398 1182 δεύτερος
423 1100 507 1183 πρὸς
535 1099 652 1182 αὐτόν,
687 1099 705 1166 6
729 1085 750 1164 δ
776 1102 859 1182 πρὸς
887 1103 947 1166 τὸν
970 1106 1003 1184 β·
1037 1103 1069 1166 εί
1095 1098 1132 1166 δὲ

113 1216 234 1289 τριῶν,
263 1204 281 1271 6
309 1205 415 1282 εὐθὺς
440 1209 551 1289 τρίτος
578 1203 645 1289 μετ’
674 1207 787 1290 αὑτόν,
812 1207 829 1272 6
853 1211 874 1276 ξ
895 1207 952 1272 καὶ
975 1207 993 1272 6
1017 1211 1049 1291 χ·
1077 1205 1132 1272 καὶ

114 1310 241 1396 ἐφεξῆς.
279 1314 310 1376 εί
326 1308 362 1376 δὲ
377 1309 429 1376 ἐπὶ
448 1316 652 1397 τριπλασίων
670 1311 725 1377 καὶ
744 1312 780 1378 ἐν
798 1313 944 1399 ὑπεροχῇ
963 1313 1132 1398 μονάδων,
1147 1336 1173 1375 10

112 1418 135 1502 6
165 1415 226 1503 μὲν
253 1420 359 1502 μονάς
391 1417 539 1484 ἐνταῦθα
568 1420 681 1504 χώραν
709 1419 770 1484 οὐκ
798 1423 879 1506 ἔχει,
913 1417 984 1485 ἀλλ’
1015 1423 1046 1485 εί
1071 1417 1133 1505 μὲν

115 1529 215 1592 δυοῖν
238 1527 407 1611 μονάδων,
432 1527 486 1590 δεῖ
505 1526 687 1610 λαμβάνειν
706 1527 766 1590 τὸν
784 1538 918 1609 πρῶτον
936 1527 1133 1610 τριπλάσιον

113 1635 175 1698 τὸν
196 1635 219 1717 6
241 1633 325 1718 πρὸς
351 1633 411 1697 τὸν
439 1642 475 1714 ᾶ,
509 1627 556 1697 ὧν
583 1631 603 1715 6
632 1631 777 1716 ὑπεροχὴ
805 1633 948 1716 μονάδες
971 1638 1004 1717 β·
1038 1635 1070 1698 εί
1096 1630 1133 1699 δὲ

114 1750 235 1823 τριῶν,
269 1739 329 1805 οὐκ
362 1741 452 1804 ἔστιν
486 1740 595 1824 ὥσπερ
628 1735 708 1803 οὐδὲ
740 1749 797 1823 τῇς
829 1749 905 1823 μιᾶς
936 1738 991 1804 ιιαλ
1023 1740 1133 1818 ἁπλῶς

113 1847 272 1912 ἁπάντων
295 1857 362 1911 τῶν
386 1856 559 1931 περιττῶν·
583 1851 718 1930 είπομεν
741 1848 804 1929 γάρ
829 1847 879 1912 ὅτι
904 1845 956 1912 ε’πλ
977 1858 1047 1924 τοῖς
1064 1871 1132 1933 τρι-
1147 1869 1173 1908 15

113 1956 267 2029 πλασίοις
291 1953 326 2018 οί
351 1954 459 2036 άρτιοι
486 1954 584 2036 μόνοι
613 1949 697 2016 είσλν
725 1952 763 2017 αί
787 1953 958 2038 ὑπεροχαί·
993 1955 1076 2019 ὅθεν
1103 1957 1135 2020 εί

113 2061 287 2146 τεσσάρων
311 2059 469 2144 μονάδων
491 2059 636 2144 ὑπεροχῇ
662 2063 801 2142 ζητεῖται
819 2062 901 2125 κατά
920 2061 979 2125 τὸν
997 2067 1133 2147 τριπλα-

113 2171 229 2252 σίονα,
261 2169 321 2232 τὸν
349 2167 508 2250 δεύτερον
536 2167 690 2250 λάβωμεν
716 2173 949 2251 τριπλασιόνα,
981 2168 1017 2244 ὅς
1041 2168 1132 2233 ἐστιν

113 2275 132 2341 6
156 2275 284 2360 ξπρὸς
311 2275 370 2338 τὸν
399 2278 420 2357 β
449 2271 504 2338 καλ
532 2273 552 2356 6
580 2297 725 2358 υπεροχη
754 2276 898 2358 μοναδες
926 2261 946 2339 δ
991 2278 1022 2340 εί
1049 2278 1085 2340 δε
1114 2294 1133 2345 ς

114 2381 274 2467 μονάδων
297 2380 317 2463 6
341 2381 487 2464 ὑπεροχῇ
513 2384 663 2464 ζητεῖται,
687 2382 746 2445 τὸν
764 2383 889 2466 τρίτου
914 2383 945 2446 εί
962 2379 999 2447 δὲ
1017 2392 1049 2466 ῇ,
1073 2384 1132 2447 τὸν
1147 2404 1173 2461 το

113 2487 273 2573 τέταρτον
301 2490 478 2571 ληψόμεθα
503 2488 713 2571 τριπλάσιον,
743 2489 826 2552 ὥστε
856 2489 938 2552 κατά
965 2490 1024 2553 τὸν
1052 2489 1134 2553 ὑπο-

112 2595 294 2660 διπλάσιου
306 2597 414 2677 ’λόγον
432 2603 490 2678 τῇς
510 2592 709 2678 ζητουμένης
726 2593 891 2678 ὑπεροχῆς
907 2593 1132 2677 εὑρεθήσεται.

181 2703 228 2766 Ec
250 2698 286 2766 δὲ
310 2698 363 2766 ἐπὶ
385 2704 634 2785 τετραπλασίων
653 2700 764 2783 εὑρεῖν
783 2699 950 2783 άριθμοὺς
969 2700 1133 2767 ἐπιταττό-

112 2816 203 2894 μεθα
215 2807 252 2873 ἐν
261 2807 406 2893 ὑπεροχῇ
419 2807 577 2891 μονάδων
590 2808 748 2888 τοσῶνδε,
764 2807 818 2870 δεῖ
829 2804 954 2871 εἰδέναι
968 2829 1133 2892 προηγου·

112 2915 223 3001 μένως
246 2915 297 2980 ὅτι
320 2913 470 2979 ἐνταῦθα
494 2915 531 2979 αλ
550 2910 711 2997 ὑπεροχαὶ
732 2911 851 2998 άναμίξ
871 2915 956 2978 εἰσιν
975 2913 1034 2978 ἕνα
1052 2915 1130 2999 παρ’
1148 2935 1175 2976 τε

115 3024 175 3088 ἕνα
199 3022 295 3104 ἀρτία
323 3019 379 3086 καὶ
406 3023 548 3104 περιττῇ.
586 3021 618 3085 εί
642 3028 727 3103 γοῦν
754 3043 804 3096 τις
831 3019 995 3085 ἐπιτάττοι
1023 3021 1134 3106 εὑρεῖν

115 3130 179 3194 δύο
205 3127 372 3213 ἀριθμοὺς
395 3126 432 3192 ἐν
456 3129 544 3214 λόχῳ
568 3129 794 3214 τετραπλασίῳ
820 3124 874 3190 καὶ
902 3126 1047 3212 ὑπεροχῇ
1075 3152 1133 3211 μο-

105 3236 231 3301 νάδων
263 3234 343 3321 φέρε
372 3220 406 3316 δ,
440 3229 568 3318 ἀμαθὲς
599 3234 636 3298 τὸ
670 3231 834 3318 ἐρώτημα·
867 3231 902 3297 ἐκ
934 3235 997 3318 γάρ
1030 3241 1134 3317 τοῦῇ

114 3345 274 3429 άρχονται
312 3340 365 3407 ἐπὶ
401 3341 532 3416 τούτοις
565 3341 602 3404 αί
630 3338 791 3425 ὑπεροχαὶ
822 3338 878 3404 καὶ
909 3343 1134 3425 προκόπτουσι

115 3451 199 3516 κατὰ
222 3451 324 3533 λόγον
346 3450 406 3513 τὸν
433 3447 642 3532 τριπλάσιον·
673 3449 704 3511 εί
731 3445 768 3512 δὲ
796 3447 832 3512 ἐν
859 3448 1005 3533 ὑπεροχῇ
1033 3448 1175 3532 μονά-εο

116 3558 189 3622 δων
215 3541 258 3640 θ,
287 3557 347 3620 τὸν
373 3553 636 3638 ὑποτριπλάσιον
663 3564 730 3618 τῶν
762 3555 921 3638 μονάδων
954 3557 1134 3639 ζητήσομεν
