<?xml version="1.0" encoding="UTF-8"?>
<!DOCTYPE html PUBLIC "-//W3C//DTD XHTML 1.0 Transitional//EN"
    "http://www.w3.org/TR/xhtml1/DTD/xhtml1-transitional.dtd">
<html xmlns="http://www.w3.org/1999/xhtml" xml:lang="en" lang="en">
 <head>
  <title>
</title>
<meta http-equiv="Content-Type" content="text/html;charset=utf-8" />
  <meta name='ocr-system' content='tesseract 3.04.00' />
  <meta name='ocr-capabilities' content='ocr_page ocr_carea ocr_par ocr_line ocrx_word'/>
</head>
<body>
  <div class='ocr_page' id='page_1' title='image "./diophantialexan01diopgoog_0110.png"; bbox 0 0 2578 3984; ppageno 0'>
   <div class='ocr_carea' id='block_1_1' title="bbox 168 180 1038 246">
    <p class='ocr_par' dir='ltr' id='par_1_1' title="bbox 168 180 1038 246">
     <span class='ocr_line' id='line_1_1' title="bbox 168 180 1038 246; baseline -0.013 0"><span class='ocrx_word' id='word_1_1' title='bbox 168 183 211 246; x_wconf 80' lang='lat'><strong><em>58</em></strong></span> <span class='ocrx_word' id='word_1_2' title='bbox 312 181 360 236; x_wconf 81' lang='lat' dir='ltr'><strong><em>DE</em></strong></span> <span class='ocrx_word' id='word_1_3' title='bbox 379 181 591 237; x_wconf 77' lang='lat' dir='ltr'><strong>DIOPHANTO</strong></span> <span class='ocrx_word' id='word_1_4' title='bbox 611 181 836 236; x_wconf 83' lang='lat' dir='ltr'><strong>TESTIMONIA</strong></span> <span class='ocrx_word' id='word_1_5' title='bbox 853 180 1038 236; x_wconf 80' lang='lat' dir='ltr'>VETERUM.</span> 
     </span>
    </p>
   </div>
   <div class='ocr_carea' id='block_1_2' title="bbox 167 339 1186 767">
    <p class='ocr_par' dir='ltr' id='par_1_2' title="bbox 167 339 1185 662">
     <span class='ocr_line' id='line_1_2' title="bbox 167 339 1136 431; baseline 0 -21"><span class='ocrx_word' id='word_1_6' title='bbox 167 347 270 431; x_wconf 81' lang='grc' dir='ltr'><strong><em>ἥμισυ</em></strong></span> <span class='ocrx_word' id='word_1_7' title='bbox 294 344 324 410; x_wconf 86' lang='grc' dir='ltr'><strong><em>δ’</em></strong></span> <span class='ocrx_word' id='word_1_8' title='bbox 342 339 385 409; x_wconf 84' lang='grc' dir='ltr'><strong><em>αὖ</em></strong></span> <span class='ocrx_word' id='word_1_9' title='bbox 408 347 561 430; x_wconf 78' lang='grc' dir='ltr'><strong><em>τρίτατον</em></strong></span> <span class='ocrx_word' id='word_1_10' title='bbox 579 368 613 410; x_wconf 88' lang='grc' dir='ltr'><strong><em>τε</em></strong></span> <span class='ocrx_word' id='word_1_11' title='bbox 636 341 691 408; x_wconf 79' lang='grc' dir='ltr'><strong><em>καὶ</em></strong></span> <span class='ocrx_word' id='word_1_12' title='bbox 715 345 849 428; x_wconf 79' lang='grc' dir='ltr'><strong><em>ὄγδοον,</em></strong></span> <span class='ocrx_word' id='word_1_13' title='bbox 873 339 898 410; x_wconf 86' lang='grc' dir='ltr'><em>ὦ</em></span> <span class='ocrx_word' id='word_1_14' title='bbox 922 345 1136 430; x_wconf 85' lang='grc' dir='ltr'><strong><em>πολύμορφοι</em></strong></span> 
     </span>
     <span class='ocr_line' id='line_1_3' title="bbox 212 449 983 538; baseline 0 -22"><span class='ocrx_word' id='word_1_15' title='bbox 212 452 402 538; x_wconf 78' lang='grc' dir='ltr'><strong><em>ἀνθρώπων</em></strong></span> <span class='ocrx_word' id='word_1_16' title='bbox 425 455 549 536; x_wconf 76' lang='grc' dir='ltr'><strong><em>Κῆρες,</em></strong></span> <span class='ocrx_word' id='word_1_17' title='bbox 574 451 698 535; x_wconf 77' lang='grc' dir='ltr'><strong><em>ἐχθρὸν</em></strong></span> <span class='ocrx_word' id='word_1_18' title='bbox 722 453 840 535; x_wconf 80' lang='grc' dir='ltr'><strong><em>ἔχοντα</em></strong></span> <span class='ocrx_word' id='word_1_19' title='bbox 863 449 983 536; x_wconf 81' lang='grc' dir='ltr'><strong><em>βλέπω.</em></strong></span> 
     </span>
     <span class='ocr_line' id='line_1_4' title="bbox 236 574 1185 662; baseline 0 -21"><span class='ocrx_word' id='word_1_20' title='bbox 236 578 419 662; x_wconf 87' lang='grc' dir='ltr'><strong><em>Σχόλιον.</em></strong></span> <span class='ocrx_word' id='word_1_21' title='bbox 453 574 637 640; x_wconf 70' lang='grc' dir='ltr'><strong><em>’Ῥπόκειταί</em></strong></span> <span class='ocrx_word' id='word_1_22' title='bbox 661 599 711 652; x_wconf 92' lang='grc' dir='ltr'><strong><em>τις</em></strong></span> <span class='ocrx_word' id='word_1_23' title='bbox 741 574 864 654; x_wconf 77' lang='grc' dir='ltr'><em>κλέψας</em></span> <span class='ocrx_word' id='word_1_24' title='bbox 890 577 1031 660; x_wconf 88' lang='grc' dir='ltr'><strong><em>χρυσόν,</em></strong></span> <span class='ocrx_word' id='word_1_25' title='bbox 1063 574 1119 642; x_wconf 79' lang='grc' dir='ltr'><strong><em>καὶ</em></strong></span> <span class='ocrx_word' id='word_1_26' title='bbox 1145 578 1185 642; x_wconf 91' lang='grc' dir='ltr'><strong><em>τὸ</em></strong></span> 
     </span>
    </p>

    <p class='ocr_par' dir='ltr' id='par_1_3' title="bbox 169 678 1186 767">
     <span class='ocr_line' id='line_1_5' title="bbox 169 678 1186 767; baseline 0 -19"><span class='ocrx_word' id='word_1_27' title='bbox 169 679 230 767; x_wconf 70' lang='grc' dir='ltr'><strong><em>μὲν</em></strong></span> <span class='ocrx_word' id='word_1_28' title='bbox 253 682 357 748; x_wconf 87' lang='grc' dir='ltr'><strong><em>αὐτοῦ</em></strong></span> <span class='ocrx_word' id='word_1_29' title='bbox 381 684 552 767; x_wconf 77' lang='grc' dir='ltr'><strong><em>διανείμας</em></strong></span> <span class='ocrx_word' id='word_1_30' title='bbox 579 693 649 758; x_wconf 81' lang='grc' dir='ltr'><strong><em>τοῖς</em></strong></span> <span class='ocrx_word' id='word_1_31' title='bbox 676 684 803 766; x_wconf 81' lang='grc' dir='ltr'><em>φίλοις,</em></span> <span class='ocrx_word' id='word_1_32' title='bbox 831 683 868 746; x_wconf 86' lang='grc' dir='ltr'><strong><em>τὸ</em></strong></span> <span class='ocrx_word' id='word_1_33' title='bbox 898 678 935 747; x_wconf 76' lang='grc' dir='ltr'><strong><em>δὲ</em></strong></span> <span class='ocrx_word' id='word_1_34' title='bbox 961 682 1062 747; x_wconf 90' lang='grc' dir='ltr'><strong><em>πάλιν</em></strong></span> <span class='ocrx_word' id='word_1_35' title='bbox 1085 682 1186 767; x_wconf 87' lang='grc' dir='ltr'><strong><em>άφαι-</em></strong></span> 
     </span>
    </p>
   </div>
   <div class='ocr_carea' id='block_1_3' title="bbox 141 784 1285 876">
    <p class='ocr_par' dir='ltr' id='par_1_4' title="bbox 141 784 1285 876">
     <span class='ocr_line' id='line_1_6' title="bbox 141 784 1285 876; baseline 0.003 -23"><span class='ocrx_word' id='word_1_36' title='bbox 141 788 281 876; x_wconf 78' lang='grc' dir='ltr'><strong><em>ερεθελς</em></strong></span> <span class='ocrx_word' id='word_1_37' title='bbox 308 791 373 856; x_wconf 92' lang='grc' dir='ltr'><strong><em>ὑπὸ</em></strong></span> <span class='ocrx_word' id='word_1_38' title='bbox 401 789 543 875; x_wconf 78' lang='grc' dir='ltr'><em>ἐχθροῦ,</em></span> <span class='ocrx_word' id='word_1_39' title='bbox 572 786 628 853; x_wconf 80' lang='grc' dir='ltr'><strong><em>καλ</em></strong></span> <span class='ocrx_word' id='word_1_40' title='bbox 656 784 760 872; x_wconf 74' lang='grc' dir='ltr'><strong><em>μηδὲν</em></strong></span> <span class='ocrx_word' id='word_1_41' title='bbox 788 787 893 876; x_wconf 79' lang='grc' dir='ltr'><strong><em>ἑαυτῷ</em></strong></span> <span class='ocrx_word' id='word_1_42' title='bbox 922 789 1186 874; x_wconf 77' lang='grc' dir='ltr'><strong><em>ὑπολειπόμενος</em></strong></span> <span class='ocrx_word' id='word_1_43' title='bbox 1284 819 1285 828; x_wconf 60' lang='grc'>’</span> 
     </span>
    </p>
   </div>
   <div class='ocr_carea' id='block_1_4' title="bbox 129 889 1285 1517">
    <p class='ocr_par' dir='ltr' id='par_1_5' title="bbox 129 889 1285 1517">
     <span class='ocr_line' id='line_1_7' title="bbox 168 889 1184 982; baseline 0.002 -21"><span class='ocrx_word' id='word_1_44' title='bbox 168 895 224 961; x_wconf 84' lang='grc' dir='ltr'><strong><em>καὶ</em></strong></span> <span class='ocrx_word' id='word_1_45' title='bbox 247 897 302 962; x_wconf 83' lang='grc' dir='ltr'><strong><em>διὰ</em></strong></span> <span class='ocrx_word' id='word_1_46' title='bbox 321 905 419 962; x_wconf 87' lang='grc' dir='ltr'><strong><em>τοῦτο</em></strong></span> <span class='ocrx_word' id='word_1_47' title='bbox 439 895 645 980; x_wconf 76' lang='grc' dir='ltr'><strong><em>σχετλιάζων.</em></strong></span> <span class='ocrx_word' id='word_1_48' title='bbox 683 896 773 959; x_wconf 86' lang='grc' dir='ltr'><strong><em>ἐστιν</em></strong></span> <span class='ocrx_word' id='word_1_49' title='bbox 793 889 927 961; x_wconf 80' lang='grc' dir='ltr'><strong><em>οὖνκαὶ</em></strong></span> <span class='ocrx_word' id='word_1_50' title='bbox 945 905 1043 963; x_wconf 89' lang='grc' dir='ltr'><strong><em>τοῦτο</em></strong></span> <span class='ocrx_word' id='word_1_51' title='bbox 1064 898 1184 982; x_wconf 85' lang='grc' dir='ltr'><strong><em>ὅμοιον</em></strong></span> 
     </span>
     <span class='ocr_line' id='line_1_8' title="bbox 168 1000 1185 1090; baseline 0.003 -21"><span class='ocrx_word' id='word_1_52' title='bbox 168 1002 224 1070; x_wconf 84' lang='grc' dir='ltr'><strong><em>καὶ</em></strong></span> <span class='ocrx_word' id='word_1_53' title='bbox 257 1004 378 1088; x_wconf 85' lang='grc' dir='ltr'><strong><em>ὁμοίως</em></strong></span> <span class='ocrx_word' id='word_1_54' title='bbox 409 1013 479 1080; x_wconf 76' lang='grc' dir='ltr'><strong><em>τοῖς</em></strong></span> <span class='ocrx_word' id='word_1_55' title='bbox 510 1002 574 1086; x_wconf 89' lang='grc' dir='ltr'><strong><em>πρὸ</em></strong></span> <span class='ocrx_word' id='word_1_56' title='bbox 608 1001 711 1066; x_wconf 85' lang='grc' dir='ltr'><strong><em>αὐτοῦ</em></strong></span> <span class='ocrx_word' id='word_1_57' title='bbox 740 1000 996 1086; x_wconf 86' lang='grc' dir='ltr'><strong><em>ἐφοδευόμενον.</em></strong></span> <span class='ocrx_word' id='word_1_58' title='bbox 1038 1005 1093 1069; x_wconf 81' lang='grc' dir='ltr'><strong><em>δεῖ</em></strong></span> <span class='ocrx_word' id='word_1_59' title='bbox 1119 1006 1185 1090; x_wconf 80' lang='grc' dir='ltr'><strong><em>γάρ</em></strong></span> 
     </span>
     <span class='ocr_line' id='line_1_9' title="bbox 168 1106 1186 1196; baseline -0.002 -18"><span class='ocrx_word' id='word_1_60' title='bbox 168 1113 279 1196; x_wconf 79' lang='grc' dir='ltr'><strong><em>εὑρεῖν</em></strong></span> <span class='ocrx_word' id='word_1_61' title='bbox 303 1111 450 1194; x_wconf 78' lang='grc' dir='ltr'><strong><em>ἀριθμὸν</em></strong></span> <span class='ocrx_word' id='word_1_62' title='bbox 474 1109 510 1185; x_wconf 88' lang='grc' dir='ltr'><strong><em>ὃς</em></strong></span> <span class='ocrx_word' id='word_1_63' title='bbox 534 1108 703 1192; x_wconf 76' lang='grc' dir='ltr'><strong><em>ἐλάχιστος</em></strong></span> <span class='ocrx_word' id='word_1_64' title='bbox 726 1108 774 1172; x_wconf 80' lang='grc' dir='ltr'><strong><em>ὢν</em></strong></span> <span class='ocrx_word' id='word_1_65' title='bbox 792 1106 857 1186; x_wconf 78' lang='grc' dir='ltr'><strong><em>έξει</em></strong></span> <span class='ocrx_word' id='word_1_66' title='bbox 880 1107 963 1194; x_wconf 90' lang='grc' dir='ltr'><strong><em>μέρη</em></strong></span> <span class='ocrx_word' id='word_1_67' title='bbox 983 1107 1105 1194; x_wconf 69' lang='grc' dir='ltr'><strong><em>λ’γή’,</em></strong></span> <span class='ocrx_word' id='word_1_68' title='bbox 1129 1109 1186 1176; x_wconf 77' lang='grc' dir='ltr'><strong><em>καὶ</em></strong></span> 
     </span>
     <span class='ocr_line' id='line_1_10' title="bbox 169 1204 1186 1300; baseline -0.001 -16"><span class='ocrx_word' id='word_1_69' title='bbox 169 1221 259 1285; x_wconf 82' lang='grc' dir='ltr'><strong><em>ἔστιν</em></strong></span> <span class='ocrx_word' id='word_1_70' title='bbox 275 1218 292 1285; x_wconf 86' lang='grc' dir='ltr'>ὁ</span> <span class='ocrx_word' id='word_1_71' title='bbox 310 1204 366 1283; x_wconf 72' lang='grc' dir='ltr'><strong><em>κδ·</em></strong></span> <span class='ocrx_word' id='word_1_72' title='bbox 386 1215 444 1281; x_wconf 86' lang='grc' dir='ltr'><strong><em>ἐάν</em></strong></span> <span class='ocrx_word' id='word_1_73' title='bbox 464 1210 526 1282; x_wconf 82' lang='grc' dir='ltr'><strong><em>οὖν</em></strong></span> <span class='ocrx_word' id='word_1_74' title='bbox 545 1219 642 1300; x_wconf 76' lang='grc' dir='ltr'><strong><em>λείψη</em></strong></span> <span class='ocrx_word' id='word_1_75' title='bbox 662 1210 760 1291; x_wconf 86' lang='grc' dir='ltr'><strong><em>οὗτος</em></strong></span> <span class='ocrx_word' id='word_1_76' title='bbox 778 1216 815 1279; x_wconf 86' lang='grc' dir='ltr'><strong><em>τὸ</em></strong></span> <span class='ocrx_word' id='word_1_77' title='bbox 837 1212 912 1300; x_wconf 76' lang='lat' dir='ltr'><em>L&#39;y&#39;</em></span> <span class='ocrx_word' id='word_1_78' title='bbox 925 1214 972 1300; x_wconf 76' lang='grc' dir='ltr'><strong><em>η’,</em></strong></span> <span class='ocrx_word' id='word_1_79' title='bbox 994 1220 1186 1283; x_wconf 79' lang='grc' dir='ltr'><strong><em>καταλείπει</em></strong></span> 
     </span>
     <span class='ocr_line' id='line_1_11' title="bbox 129 1318 1285 1410; baseline 0 -22"><span class='ocrx_word' id='word_1_80' title='bbox 129 1350 154 1389; x_wconf 82' lang='grc' dir='ltr'><strong><em>ιο</em></strong></span> <span class='ocrx_word' id='word_1_81' title='bbox 169 1334 240 1408; x_wconf 66' lang='grc' dir='ltr'><strong><em>μοᾶ</em></strong></span> <span class='ocrx_word' id='word_1_82' title='bbox 268 1322 438 1390; x_wconf 81' lang='grc' dir='ltr'><strong><em>τουτέστιν</em></strong></span> <span class='ocrx_word' id='word_1_83' title='bbox 465 1324 503 1389; x_wconf 86' lang='grc' dir='ltr'><strong><em>τὸ</em></strong></span> <span class='ocrx_word' id='word_1_84' title='bbox 531 1318 586 1387; x_wconf 81' lang='grc' dir='ltr'><strong><em>κδ’</em></strong></span> <span class='ocrx_word' id='word_1_85' title='bbox 606 1321 718 1406; x_wconf 80' lang='grc' dir='ltr'><strong><em>μέρος·</em></strong></span> <span class='ocrx_word' id='word_1_86' title='bbox 747 1319 818 1387; x_wconf 79' lang='grc' dir='ltr'><strong><em>ἀλλ’</em></strong></span> <span class='ocrx_word' id='word_1_87' title='bbox 841 1322 874 1402; x_wconf 88' lang='grc' dir='ltr'><strong><em>ἐξ</em></strong></span> <span class='ocrx_word' id='word_1_88' title='bbox 902 1321 1005 1407; x_wconf 78' lang='grc' dir='ltr'><strong><em>ἀρχῆς</em></strong></span> <span class='ocrx_word' id='word_1_89' title='bbox 1032 1322 1185 1390; x_wconf 79' lang='grc' dir='ltr'><strong><em>ὑπέκειτο</em></strong></span> <span class='ocrx_word' id='word_1_90' title='bbox 1283 1367 1285 1410; x_wconf 57' lang='lat'><em>2</em></span> 
     </span>
     <span class='ocr_line' id='line_1_12' title="bbox 169 1415 1285 1517; baseline -0.001 -20"><span class='ocrx_word' id='word_1_91' title='bbox 169 1434 224 1497; x_wconf 81' lang='grc' dir='ltr'><strong><em>ἵνα</em></strong></span> <span class='ocrx_word' id='word_1_92' title='bbox 251 1434 349 1516; x_wconf 82' lang='grc' dir='ltr'><strong><em>λείψη</em></strong></span> <span class='ocrx_word' id='word_1_93' title='bbox 376 1441 412 1515; x_wconf 84' lang='grc' dir='ltr'><strong><em>μ0</em></strong></span> <span class='ocrx_word' id='word_1_94' title='bbox 429 1437 467 1517; x_wconf 73' lang='grc' dir='ltr'><strong><em>μ’</em></strong></span> <span class='ocrx_word' id='word_1_95' title='bbox 501 1428 626 1494; x_wconf 86' lang='grc' dir='ltr'><strong><em>οὐκοῦν</em></strong></span> <span class='ocrx_word' id='word_1_96' title='bbox 652 1431 713 1494; x_wconf 90' lang='grc' dir='ltr'><strong><em>τὸν</em></strong></span> <span class='ocrx_word' id='word_1_97' title='bbox 737 1415 782 1495; x_wconf 59' lang='lat' dir='ltr'><strong><em>u‘d</em></strong></span> <span class='ocrx_word' id='word_1_98' title='bbox 808 1429 1101 1508; x_wconf 78' lang='grc' dir='ltr'><strong><em>πολλαπλασιάσας</em></strong></span> <span class='ocrx_word' id='word_1_99' title='bbox 1131 1429 1186 1496; x_wconf 81' lang='grc' dir='ltr'><strong><em>ἐπὶ</em></strong></span> <span class='ocrx_word' id='word_1_100' title='bbox 1283 1433 1285 1450; x_wconf 67' lang='grc'>”</span> 
     </span>
    </p>
   </div>
   <div class='ocr_carea' id='block_1_5' title="bbox 167 1534 1284 1622">
    <p class='ocr_par' dir='ltr' id='par_1_6' title="bbox 167 1534 1284 1622">
     <span class='ocr_line' id='line_1_13' title="bbox 167 1534 1284 1622; baseline 0 -18"><span class='ocrx_word' id='word_1_101' title='bbox 167 1541 227 1604; x_wconf 91' lang='grc' dir='ltr'><strong><em>τὸν</em></strong></span> <span class='ocrx_word' id='word_1_102' title='bbox 258 1541 282 1621; x_wconf 80' lang='grc' dir='ltr'><strong><em>μ</em></strong></span> <span class='ocrx_word' id='word_1_103' title='bbox 310 1540 442 1621; x_wconf 79' lang='grc' dir='ltr'><strong><em>ποιησει</em></strong></span> <span class='ocrx_word' id='word_1_104' title='bbox 473 1539 533 1603; x_wconf 91' lang='grc' dir='ltr'><strong><em>τὸν</em></strong></span> <span class='ocrx_word' id='word_1_105' title='bbox 565 1536 713 1622; x_wconf 80' lang='grc' dir='ltr'><strong><em>ἀριθμὸν</em></strong></span> <span class='ocrx_word' id='word_1_106' title='bbox 750 1534 822 1620; x_wconf 51' lang='grc' dir='ltr'><strong><em>(ηιξ,</em></strong></span> <span class='ocrx_word' id='word_1_107' title='bbox 859 1536 950 1613; x_wconf 82' lang='grc' dir='ltr'><strong><em>ὅστις</em></strong></span> <span class='ocrx_word' id='word_1_108' title='bbox 982 1541 1112 1622; x_wconf 82' lang='grc' dir='ltr'><strong><em>ποιησει</em></strong></span> <span class='ocrx_word' id='word_1_109' title='bbox 1146 1541 1185 1604; x_wconf 93' lang='grc' dir='ltr'><strong><em>τὸ</em></strong></span> <span class='ocrx_word' id='word_1_110' title='bbox 1283 1573 1284 1578; x_wconf 41' lang='lat'>¹</span> 
     </span>
    </p>
   </div>
   <div class='ocr_carea' id='block_1_6' title="bbox 126 1647 1139 2923">
    <p class='ocr_par' dir='ltr' id='par_1_7' title="bbox 126 1647 1139 2923">
     <span class='ocr_line' id='line_1_14' title="bbox 168 1647 353 1729; baseline -0.016 -18"><span class='ocrx_word' id='word_1_111' title='bbox 168 1647 353 1729; x_wconf 86' lang='grc' dir='ltr'><strong><em>πρόβλημα.</em></strong></span> 
     </span>
     <span class='ocr_line' id='line_1_15' title="bbox 604 1749 747 1814; baseline 0.007 -1"><span class='ocrx_word' id='word_1_112' title='bbox 604 1774 625 1814; x_wconf 92' lang='grc' dir='ltr'><strong><em>ι.</em></strong></span> <span class='ocrx_word' id='word_1_113' title='bbox 656 1749 747 1814; x_wconf 85' lang='grc' dir='ltr'><strong><em>άλλο.</em></strong></span> 
     </span>
     <span class='ocr_line' id='line_1_16' title="bbox 126 1871 1139 1960; baseline 0 -20"><span class='ocrx_word' id='word_1_114' title='bbox 126 1901 153 1940; x_wconf 85' lang='lat'><strong><em>15</em></strong></span> <span class='ocrx_word' id='word_1_115' title='bbox 212 1875 370 1960; x_wconf 81' lang='grc' dir='ltr'><strong><em>Πέμπτον</em></strong></span> <span class='ocrx_word' id='word_1_116' title='bbox 389 1898 445 1958; x_wconf 91' lang='grc' dir='ltr'><strong><em>μοι</em></strong></span> <span class='ocrx_word' id='word_1_117' title='bbox 463 1875 599 1960; x_wconf 74' lang='grc' dir='ltr'><strong><em>κλήρου,</em></strong></span> <span class='ocrx_word' id='word_1_118' title='bbox 618 1883 688 1956; x_wconf 78' lang='grc' dir='ltr'><strong><em>παῖ,</em></strong></span> <span class='ocrx_word' id='word_1_119' title='bbox 708 1873 868 1956; x_wconf 83' lang='grc' dir='ltr'><strong><em>λάμβανε·</em></strong></span> <span class='ocrx_word' id='word_1_120' title='bbox 893 1871 1082 1939; x_wconf 75' lang='grc' dir='ltr'><strong><em>δωδέκατον</em></strong></span> <span class='ocrx_word' id='word_1_121' title='bbox 1102 1871 1139 1940; x_wconf 69' lang='grc' dir='ltr'><strong><em>δὲ</em></strong></span> 
     </span>
     <span class='ocr_line' id='line_1_17' title="bbox 257 1978 1021 2066; baseline -0.004 -18"><span class='ocrx_word' id='word_1_122' title='bbox 257 1982 347 2065; x_wconf 85' lang='grc' dir='ltr'><strong><em>δέξο,</em></strong></span> <span class='ocrx_word' id='word_1_123' title='bbox 372 1981 495 2066; x_wconf 90' lang='grc' dir='ltr'><strong><em>δάμαρ·</em></strong></span> <span class='ocrx_word' id='word_1_124' title='bbox 519 1983 656 2065; x_wconf 87' lang='grc' dir='ltr'><strong><em>πίσυρες</em></strong></span> <span class='ocrx_word' id='word_1_125' title='bbox 680 1978 711 2045; x_wconf 84' lang='grc' dir='ltr'><strong><em>δ’</em></strong></span> <span class='ocrx_word' id='word_1_126' title='bbox 729 1978 820 2057; x_wconf 79' lang='grc' dir='ltr'><strong><em>υἱέος</em></strong></span> <span class='ocrx_word' id='word_1_127' title='bbox 843 1978 1021 2064; x_wconf 80' lang='grc' dir='ltr'><strong><em>οἰχομένου</em></strong></span> 
     </span>
     <span class='ocr_line' id='line_1_18' title="bbox 211 2084 1093 2172; baseline -0.006 -17"><span class='ocrx_word' id='word_1_128' title='bbox 211 2091 342 2171; x_wconf 81' lang='grc' dir='ltr'><strong><em>παῖδες,</em></strong></span> <span class='ocrx_word' id='word_1_129' title='bbox 369 2088 544 2172; x_wconf 85' lang='grc' dir='ltr'><strong><em>άδελφειοί</em></strong></span> <span class='ocrx_word' id='word_1_130' title='bbox 563 2111 598 2152; x_wconf 91' lang='grc' dir='ltr'><strong><em>τε</em></strong></span> <span class='ocrx_word' id='word_1_131' title='bbox 622 2087 692 2152; x_wconf 85' lang='grc' dir='ltr'><strong><em>δύω</em></strong></span> <span class='ocrx_word' id='word_1_132' title='bbox 715 2084 772 2151; x_wconf 84' lang='grc' dir='ltr'><strong><em>καὶ</em></strong></span> <span class='ocrx_word' id='word_1_133' title='bbox 795 2085 956 2169; x_wconf 79' lang='grc' dir='ltr'><strong><em>άνάστονε</em></strong></span> <span class='ocrx_word' id='word_1_134' title='bbox 980 2093 1093 2170; x_wconf 77' lang='grc' dir='ltr'><strong><em>μῆτερ,</em></strong></span> 
     </span>
     <span class='ocr_line' id='line_1_19' title="bbox 256 2192 973 2279; baseline -0.004 -19"><span class='ocrx_word' id='word_1_135' title='bbox 256 2195 436 2279; x_wconf 81' lang='grc' dir='ltr'><strong><em>ἑνδεκάτην</em></strong></span> <span class='ocrx_word' id='word_1_136' title='bbox 459 2197 584 2278; x_wconf 80' lang='grc' dir='ltr'><strong><em>κλήρου</em></strong></span> <span class='ocrx_word' id='word_1_137' title='bbox 608 2204 730 2279; x_wconf 80' lang='grc' dir='ltr'><strong><em>μοῖραν</em></strong></span> <span class='ocrx_word' id='word_1_138' title='bbox 753 2192 889 2270; x_wconf 80' lang='grc' dir='ltr'><strong><em>ἕκαστος</em></strong></span> <span class='ocrx_word' id='word_1_139' title='bbox 912 2196 973 2278; x_wconf 86' lang='grc' dir='ltr'><strong><em>έχε.</em></strong></span> 
     </span>
     <span class='ocr_line' id='line_1_20' title="bbox 211 2297 1063 2386; baseline -0.002 -20"><span class='ocrx_word' id='word_1_140' title='bbox 211 2303 327 2385; x_wconf 89' lang='grc' dir='ltr'><strong><em>αὐτάρ,</em></strong></span> <span class='ocrx_word' id='word_1_141' title='bbox 351 2301 494 2386; x_wconf 78' lang='grc' dir='ltr'><strong><em>ἀνεψιοί,</em></strong></span> <span class='ocrx_word' id='word_1_142' title='bbox 518 2301 580 2366; x_wconf 85' lang='grc' dir='ltr'><strong><em>δύο</em></strong></span> <span class='ocrx_word' id='word_1_143' title='bbox 604 2298 659 2365; x_wconf 80' lang='grc' dir='ltr'><strong><em>καὶ</em></strong></span> <span class='ocrx_word' id='word_1_144' title='bbox 683 2298 762 2365; x_wconf 92' lang='grc' dir='ltr'><strong><em>δέκα</em></strong></span> <span class='ocrx_word' id='word_1_145' title='bbox 785 2297 886 2384; x_wconf 78' lang='grc' dir='ltr'><strong><em>δέχθε</em></strong></span> <span class='ocrx_word' id='word_1_146' title='bbox 908 2300 1063 2382; x_wconf 86' lang='grc' dir='ltr'><strong><em>τάλαντα,</em></strong></span> 
     </span>
     <span class='ocr_line' id='line_1_21' title="bbox 126 2404 1021 2493; baseline -0.004 -18"><span class='ocrx_word' id='word_1_147' title='bbox 126 2435 154 2474; x_wconf 76' lang='grc' dir='ltr'><strong><em>ιο</em></strong></span> <span class='ocrx_word' id='word_1_148' title='bbox 256 2411 430 2493; x_wconf 79' lang='grc' dir='ltr'><strong><em>Εὔβουλος</em></strong></span> <span class='ocrx_word' id='word_1_149' title='bbox 453 2404 484 2473; x_wconf 93' lang='grc' dir='ltr'><strong><em>δ’</em></strong></span> <span class='ocrx_word' id='word_1_150' title='bbox 508 2405 606 2492; x_wconf 82' lang='grc' dir='ltr'><strong><em>ἐχέτω</em></strong></span> <span class='ocrx_word' id='word_1_151' title='bbox 629 2405 726 2472; x_wconf 86' lang='grc' dir='ltr'><strong><em>πέντε</em></strong></span> <span class='ocrx_word' id='word_1_152' title='bbox 748 2406 892 2472; x_wconf 90' lang='grc' dir='ltr'><strong><em>τάλαντα</em></strong></span> <span class='ocrx_word' id='word_1_153' title='bbox 915 2409 1021 2491; x_wconf 85' lang='grc' dir='ltr'><strong><em>φίλος.</em></strong></span> 
     </span>
     <span class='ocr_line' id='line_1_22' title="bbox 211 2511 1052 2598; baseline -0.007 -15"><span class='ocrx_word' id='word_1_154' title='bbox 211 2517 418 2592; x_wconf 88' lang='grc' dir='ltr'><strong><em>πιστοτάτοις</em></strong></span> <span class='ocrx_word' id='word_1_155' title='bbox 442 2514 608 2598; x_wconf 84' lang='grc' dir='ltr'><strong><em>δμώεσσιν</em></strong></span> <span class='ocrx_word' id='word_1_156' title='bbox 632 2512 828 2598; x_wconf 79' lang='grc' dir='ltr'><strong><em>ἐλευθερίην</em></strong></span> <span class='ocrx_word' id='word_1_157' title='bbox 851 2511 906 2578; x_wconf 80' lang='grc' dir='ltr'><strong><em>καὶ</em></strong></span> <span class='ocrx_word' id='word_1_158' title='bbox 929 2515 1052 2578; x_wconf 87' lang='grc' dir='ltr'><strong><em>άποινα</em></strong></span> 
     </span>
     <span class='ocr_line' id='line_1_23' title="bbox 255 2621 980 2709; baseline -0.006 -20"><span class='ocrx_word' id='word_1_159' title='bbox 255 2625 380 2709; x_wconf 78' lang='grc' dir='ltr'><strong><em>μισθὸν</em></strong></span> <span class='ocrx_word' id='word_1_160' title='bbox 403 2623 585 2706; x_wconf 87' lang='grc' dir='ltr'><strong><em>ὑπηρεσίης</em></strong></span> <span class='ocrx_word' id='word_1_161' title='bbox 607 2621 719 2685; x_wconf 82' lang='grc' dir='ltr'><strong><em>τοῖσδε</em></strong></span> <span class='ocrx_word' id='word_1_162' title='bbox 744 2622 865 2705; x_wconf 92' lang='grc' dir='ltr'><strong><em>δίδωμι</em></strong></span> <span class='ocrx_word' id='word_1_163' title='bbox 887 2622 980 2686; x_wconf 87' lang='grc' dir='ltr'><strong><em>τάδε·</em></strong></span> 
     </span>
     <span class='ocr_line' id='line_1_24' title="bbox 211 2724 989 2814; baseline -0.008 -17"><span class='ocrx_word' id='word_1_164' title='bbox 211 2726 276 2797; x_wconf 82' lang='grc' dir='ltr'><strong><em>ὧδε</em></strong></span> <span class='ocrx_word' id='word_1_165' title='bbox 298 2727 570 2814; x_wconf 88' lang='grc' dir='ltr'><strong><em>λαμβανέτωσαν·</em></strong></span> <span class='ocrx_word' id='word_1_166' title='bbox 590 2724 764 2811; x_wconf 78' lang='grc' dir='ltr'><strong><em>Ὀυησιμος</em></strong></span> <span class='ocrx_word' id='word_1_167' title='bbox 787 2728 989 2792; x_wconf 86' lang='grc' dir='ltr'><strong><em>είκοσίπεντε</em></strong></span> 
     </span>
     <span class='ocr_line' id='line_1_25' title="bbox 255 2829 1009 2923; baseline -0.007 -20"><span class='ocrx_word' id='word_1_168' title='bbox 255 2847 339 2923; x_wconf 82' lang='grc' dir='ltr'><strong><em>μνᾶς</em></strong></span> <span class='ocrx_word' id='word_1_169' title='bbox 363 2834 475 2920; x_wconf 87' lang='grc' dir='ltr'><strong><em>ἐχέτω·</em></strong></span> <span class='ocrx_word' id='word_1_170' title='bbox 499 2835 589 2910; x_wconf 87' lang='grc' dir='ltr'><strong><em>Δοδς</em></strong></span> <span class='ocrx_word' id='word_1_171' title='bbox 612 2829 641 2898; x_wconf 86' lang='grc' dir='ltr'><strong><em>δ’</em></strong></span> <span class='ocrx_word' id='word_1_172' title='bbox 660 2839 766 2898; x_wconf 78' lang='grc' dir='ltr'><strong><em>εἴκοσι</em></strong></span> <span class='ocrx_word' id='word_1_173' title='bbox 789 2841 873 2917; x_wconf 84' lang='grc' dir='ltr'><strong><em>μνᾶς</em></strong></span> <span class='ocrx_word' id='word_1_174' title='bbox 896 2831 1009 2917; x_wconf 90' lang='grc' dir='ltr'><strong><em>ἐχέτω·</em></strong></span> 
     </span>
    </p>
   </div>
   <div class='ocr_carea' id='block_1_7' title="bbox 127 2938 1095 3350">
    <p class='ocr_par' dir='ltr' id='par_1_8' title="bbox 127 2938 1095 3350">
     <span class='ocr_line' id='line_1_26' title="bbox 127 2938 1095 3028; baseline -0.003 -22"><span class='ocrx_word' id='word_1_175' title='bbox 127 2966 154 3006; x_wconf 78' lang='grc' dir='ltr'><strong><em>ιι</em></strong></span> <span class='ocrx_word' id='word_1_176' title='bbox 211 2947 416 3028; x_wconf 81' lang='grc' dir='ltr'><strong><em>πεντήκοντα</em></strong></span> <span class='ocrx_word' id='word_1_177' title='bbox 434 2942 558 3026; x_wconf 84' lang='grc' dir='ltr'><strong><em>Σύρος,</em></strong></span> <span class='ocrx_word' id='word_1_178' title='bbox 583 2941 715 3024; x_wconf 82' lang='grc' dir='ltr'><strong><em>Συνετη</em></strong></span> <span class='ocrx_word' id='word_1_179' title='bbox 740 2938 831 3025; x_wconf 85' lang='grc' dir='ltr'><strong><em>δέκα,</em></strong></span> <span class='ocrx_word' id='word_1_180' title='bbox 858 2943 973 3025; x_wconf 89' lang='grc' dir='ltr'><strong><em>Τίμιος</em></strong></span> <span class='ocrx_word' id='word_1_181' title='bbox 996 2940 1095 3024; x_wconf 29' lang='grc' dir='ltr'><strong><em>ὀκτάι·</em></strong></span> 
     </span>
     <span class='ocr_line' id='line_1_27' title="bbox 240 3045 1077 3134; baseline -0.006 -19"><span class='ocrx_word' id='word_1_182' title='bbox 240 3050 335 3116; x_wconf 64' lang='grc' dir='ltr'><strong><em>’ἑπτά</em></strong></span> <span class='ocrx_word' id='word_1_183' title='bbox 359 3045 396 3114; x_wconf 74' lang='grc' dir='ltr'><strong><em>δὲ</em></strong></span> <span class='ocrx_word' id='word_1_184' title='bbox 419 3057 503 3132; x_wconf 84' lang='grc' dir='ltr'><strong><em>μνᾶς</em></strong></span> <span class='ocrx_word' id='word_1_185' title='bbox 526 3052 664 3134; x_wconf 76' lang='grc' dir='ltr'><strong><em>Συνετῷ</em></strong></span> <span class='ocrx_word' id='word_1_186' title='bbox 689 3045 782 3112; x_wconf 86' lang='grc' dir='ltr'><strong><em>παιδλ</em></strong></span> <span class='ocrx_word' id='word_1_187' title='bbox 807 3048 927 3132; x_wconf 90' lang='grc' dir='ltr'><strong><em>δίδωμι</em></strong></span> <span class='ocrx_word' id='word_1_188' title='bbox 951 3048 1077 3130; x_wconf 88' lang='grc' dir='ltr'><strong><em>Σύρου.</em></strong></span> 
     </span>
     <span class='ocr_line' id='line_1_28' title="bbox 210 3154 1060 3239; baseline -0.005 -17"><span class='ocrx_word' id='word_1_189' title='bbox 210 3157 246 3223; x_wconf 89' lang='grc' dir='ltr'><strong><em>ἐκ</em></strong></span> <span class='ocrx_word' id='word_1_190' title='bbox 270 3154 307 3221; x_wconf 76' lang='grc' dir='ltr'><strong><em>δὲ</em></strong></span> <span class='ocrx_word' id='word_1_191' title='bbox 329 3158 533 3238; x_wconf 80' lang='grc' dir='ltr'><strong><em>τριηκόντων</em></strong></span> <span class='ocrx_word' id='word_1_192' title='bbox 556 3157 741 3239; x_wconf 82' lang='grc' dir='ltr'><strong><em>κοσμήσατε</em></strong></span> <span class='ocrx_word' id='word_1_193' title='bbox 765 3162 854 3238; x_wconf 80' lang='grc' dir='ltr'><strong><em>σῆμα</em></strong></span> <span class='ocrx_word' id='word_1_194' title='bbox 876 3154 1060 3237; x_wconf 84' lang='grc' dir='ltr'><strong><em>ταλάντων,</em></strong></span> 
     </span>
     <span class='ocr_line' id='line_1_29' title="bbox 254 3258 902 3350; baseline -0.006 -21"><span class='ocrx_word' id='word_1_195' title='bbox 254 3262 359 3346; x_wconf 82' lang='grc' dir='ltr'><strong><em>ῥέζετε</em></strong></span> <span class='ocrx_word' id='word_1_196' title='bbox 383 3258 414 3328; x_wconf 84' lang='grc' dir='ltr'><strong><em>δ’</em></strong></span> <span class='ocrx_word' id='word_1_197' title='bbox 434 3262 569 3350; x_wconf 79' lang='grc' dir='ltr'><strong><em>Οὐδαίω</em></strong></span> <span class='ocrx_word' id='word_1_198' title='bbox 594 3258 679 3326; x_wconf 80' lang='grc' dir='ltr'><strong><em>Ζανὶ</em></strong></span> <span class='ocrx_word' id='word_1_199' title='bbox 702 3262 902 3344; x_wconf 75' lang='grc' dir='ltr'><strong><em>θυηπολίην.</em></strong></span> 
     </span>
    </p>
   </div>
   <div class='ocr_carea' id='block_1_8' title="bbox 200 3414 1181 3636">
    <p class='ocr_par' dir='ltr' id='par_1_9' title="bbox 200 3414 1181 3636">
     <span class='ocr_line' id='line_1_30' title="bbox 236 3414 1181 3491; baseline -0.001 -17"><span class='ocrx_word' id='word_1_200' title='bbox 236 3426 252 3474; x_wconf 78' lang='grc' dir='ltr'><strong><em>ο</em></strong></span> <span class='ocrx_word' id='word_1_201' title='bbox 271 3419 474 3491; x_wconf 83' lang='grc' dir='ltr'><strong><em>ὑπολιπόμενος</em></strong></span> <span class='ocrx_word' id='word_1_202' title='bbox 483 3420 513 3474; x_wconf 93' lang='lat' dir='ltr'><strong><em>P.</em></strong></span> <span class='ocrx_word' id='word_1_203' title='bbox 556 3424 590 3471; x_wconf 87' lang='grc'><strong><em>14</em></strong></span> <span class='ocrx_word' id='word_1_204' title='bbox 607 3419 658 3487; x_wconf 84' lang='lat' dir='ltr'><strong><em>Ep.</em></strong></span> <span class='ocrx_word' id='word_1_205' title='bbox 673 3418 747 3490; x_wconf 86' lang='lat' dir='ltr'>XIV,</span> <span class='ocrx_word' id='word_1_206' title='bbox 764 3423 822 3472; x_wconf 79' lang='lat'>123.</span> <span class='ocrx_word' id='word_1_207' title='bbox 865 3421 898 3471; x_wconf 90' lang='lat'><strong><em>18</em></strong></span> <span class='ocrx_word' id='word_1_208' title='bbox 919 3415 1045 3490; x_wconf 75' lang='grc' dir='ltr'><strong><em>ἕκαστος]</em></strong></span> <span class='ocrx_word' id='word_1_209' title='bbox 1056 3414 1135 3481; x_wconf 78' lang='grc' dir='ltr'><strong><em>ἕκτος</em></strong></span> <span class='ocrx_word' id='word_1_210' title='bbox 1149 3419 1181 3473; x_wconf 93' lang='grc' dir='ltr'><strong><em>Ρ.</em></strong></span> 
     </span>
     <span class='ocr_line' id='line_1_31' title="bbox 200 3486 1180 3636; baseline -0.001 -91"><span class='ocrx_word' id='word_1_211' title='bbox 200 3498 234 3618; x_wconf 51' lang='lat' dir='ltr'><strong><em>{g</em></strong></span> <span class='ocrx_word' id='word_1_212' title='bbox 249 3493 412 3636; x_wconf 57' lang='grc' dir='ltr'><strong><em>ιλΊηιίεβιχχζιξιᾶ</em></strong></span> <span class='ocrx_word' id='word_1_213' title='bbox 416 3491 460 3547; x_wconf 85' lang='lat' dir='ltr'><strong><em>ed.</em></strong></span> <span class='ocrx_word' id='word_1_214' title='bbox 497 3489 710 3562; x_wconf 65' lang='grc' dir='ltr'><strong><em>λΟΕὑβολοςΡ.</em></strong></span> <span class='ocrx_word' id='word_1_215' title='bbox 748 3495 783 3542; x_wconf 78' lang='lat'><strong><em>23</em></strong></span> <span class='ocrx_word' id='word_1_216' title='bbox 802 3486 856 3544; x_wconf 82' lang='grc' dir='ltr'><strong><em>ὦδε</em></strong></span> <span class='ocrx_word' id='word_1_217' title='bbox 871 3487 903 3544; x_wconf 77' lang='grc' dir='ltr'><strong><em>δὲ</em></strong></span> <span class='ocrx_word' id='word_1_218' title='bbox 918 3490 962 3546; x_wconf 84' lang='lat' dir='ltr'><strong><em>ed.</em></strong></span> <span class='ocrx_word' id='word_1_219' title='bbox 1000 3489 1180 3552; x_wconf 75' lang='grc' dir='ltr'><strong><em>24Δάοςεδ.</em></strong></span> 
     </span>
    </p>
   </div>
   <div class='ocr_carea' id='block_1_9' title="bbox 0 0 1298 3984">
    <p class='ocr_par' dir='ltr' id='par_1_10' title="bbox 0 0 1298 3984">
     <span class='ocr_line' id='line_1_32' title="bbox 0 0 1298 3984; baseline 0 0"><span class='ocrx_word' id='word_1_220' title='bbox 0 0 1298 3984; x_wconf 95' lang='lat' dir='ltr'><strong><em> </em></strong></span> 
     </span>
    </p>
   </div>
  </div>
 </body>
</html>
