2568 3980
168 199 232 264 168
437 196 592 252 SCHOLIA
609 196 650 250 IN
668 193 920 250 DIOPHANTUM.

167 360 219 428 ἀεὶ
233 364 336 445 λόγου
350 361 523 444 ἄρχεσθαι,
538 356 710 424 τουτέστιν
724 359 779 422 ἵνα
794 356 812 422 6
827 360 945 441 μείζων
959 366 1016 441 τῆς
1034 361 1085 442 βας
1100 358 1195 422 διαι-

168 467 290 552 ρέσεως
302 468 385 551 πρὸς
398 469 457 532 τὸν
472 465 631 532 έλάττονα
649 473 706 548 τῆς
720 473 767 545 νλς
781 464 841 528 τὸν
855 461 1028 546 ἐλάχιστον
1044 474 1113 528 τῶν
1134 467 1191 529 δι-

168 573 441 660 δομένωνλόγον
460 576 529 658 ἔχῃ,
553 574 598 650 ὡς
621 571 769 637 ἐνταῦθα
788 571 847 634 τὸν
866 570 1054 653 διπλάσιον,
1074 566 1148 636 εἶτα
1171 572 1194 638 6

168 683 288 766 μείζων
301 687 359 764 τῆς
373 689 421 744 αλς
435 682 519 765 πρὸς
537 680 596 745 τὸν
611 678 769 744 ἐλάττονα
788 683 846 759 τῆς
864 679 914 759 βας
927 677 986 740 τὸν
1005 675 1120 761 μέσον,
1143 678 1195 756 ὡς

140 809 153 849 5
169 788 315 853 ἐνταῦθα
333 790 392 854 τὸν
405 787 613 871 τριπλάσιον,
633 781 702 850 εἶτα
721 783 739 849 6
758 785 877 866 μείζων
896 792 954 865 τῆς
967 794 1015 866 y'12'
1024 787 1108 868 πρὸς
1126 787 1194 850 τὸν

169 894 326 959 ἐλάττονα
336 902 393 978 τῆς
403 904 450 958 αλῖ
460 896 518 960 τὸν
529 893 696 978 μέγιστον,
705 889 854 956 ἐνταῦθα
863 891 922 954 τὸν
932 891 1194 974 τετραπλάσιον·

169 1003 200 1066 ελ
220 1001 284 1084 γὰρ
304 1000 531 1085 ἀντιστρόφως
549 1005 679 1064 τεθεῖεν
694 997 729 1062 ολ
748 998 854 1079 λόγοι,
873 995 915 1061 οὐ
929 1000 1193 1078 συσταθήσεται.

458 1211 519 1278 AD
543 1209 784 1277 PROBLEMA
806 1208 894 1274 XIV.

238 2248 305 2308 Δεῖ
326 2244 366 2326 δὴ
391 2243 428 2307 τὸ
452 2248 582 2326 πλῆθος
610 2253 677 2307 τῶν
701 2244 858 2327 μονάδων
881 2253 943 2308 τοῦ
966 2242 1039 2320 ἑνὸς
1062 2255 1131 2309 τῶν
1155 2244 1192 2322 ἐξ

171 2349 273 2435 ἀρχῆς
297 2348 469 2416 δοθέντων
492 2350 648 2435 ἀριθμῶν
673 2353 786 2434 μεῖζον
810 2346 895 2416 εἶναι
920 2360 981 2416 τοῦ
1005 2351 1192 2435 ὁμωνύμου

171 2457 320 2542 ἀριθμοῦ
347 2465 392 2546 τῶ
421 2455 586 2544 διδομένῳ
616 2458 721 2544 λόγῳ·
746 2449 812 2523 οἷοι
836 2456 991 2523 δέδονται
1019 2457 1102 2535 έξ’
1085 2467 1190 2545 αρχῆς

173 2561 313 2648 ἀριθμοὶ
336 2564 354 2629 6
379 2551 402 2630 6
421 2563 477 2630 καὶ
500 2565 517 2631 6
543 2569 594 2648 ιβ
618 2560 712 2630 οὗτοι
735 2564 969 2649 συντιθέμενοι
993 2563 1054 2648 μὲν
1074 2569 1190 2649 γίνον-

133 2692 226 2734 εοται
247 2672 300 2752 ῖς,
327 2674 690 2755 πολλαπλασιαζόμενοι
719 2668 755 2737 66
780 2668 831 2737 ἐπ’
848 2672 1012 2755 ἀλλήλους
1034 2675 1191 2754 γίνονται

173 2801 233 2860 μη,
261 2780 320 2841 καί
343 2780 407 2842 εἰσι
434 2779 475 2841 τδι
502 2803 545 2862 μη
575 2789 642 2844 τῶν
667 2795 701 2847 ις
729 2780 912 2864 τριπλάσια.
960 2780 978 2845 6
1002 2780 1101 2862 λόγος
1125 2774 1189 2844 οὖν

172 2894 240 2946 τῶν
260 2882 292 2961 ἐξ
311 2882 411 2967 ἀρχῆς
431 2883 586 2968 ἀριθμῶν
604 2884 621 2949 ὁ
642 2886 853 2968 διδόμενός’
837 2902 927 2950 εστιν
946 2884 964 2950 6
982 2885 1188 2982 τριπλάσιος,

174 2990 192 3056 6
216 2986 253 3054 δὲ
276 2990 452 3073 ὁμώνυμος
475 2989 578 3054 αὐτοῦ
603 2990 746 3076 ἀριθμὸς
769 2992 831 3058 6
811 3011 851 3068 γ
883 2992 924 3055 τα
945 2987 982 3055 δ
1002 2995 1035 3075 ιβ
1054 2995 1127 3076 μείζ
1127 2993 1189 3057 ονά

175 3096 244 3160 ἐστι
262 3103 370 3174 νοῦν.
402 3105 501 3161 τοῦτο
522 3091 588 3162 οὖν
611 3097 712 3182 λέγει,
736 3098 787 3162 ότι
810 3099 848 3163 αι’
868 3098 1011 3182 μονάδες
1034 3108 1094 3164 τοῦ
1114 3098 1190 3176 ἑνὸς

134 3223 160 3264 τι
174 3211 242 3266 τῶν
271 3201 426 3286 ἀριθμῶν
453 3205 601 3268 ἔστωσαν
629 3207 778 3285 πλείους,
808 3207 839 3269 εἰ
865 3201 926 3288 μέν
953 3205 1146 3289 τριπλασιος
1169 3207 1189 3272 6

174 3312 274 3392 λόγος
291 3307 497 3393 ὑποτίθεται,
516 3322 583 3375 τῶν
597 3313 618 3395 {1
632 3321 683 3395 μθ,
702 3313 733 3376 ελ
751 3308 788 3376 66
807 3312 1054 3396 τετραπλάσιος,
1074 3323 1141 3378 τῶν
1157 3298 1189 3396 δ,

173 3413 228 3480 καὶ
252 3415 385 3500 ἐφεξῆς·
409 3419 515 3494 ἄλλως
538 3418 601 3502 γὰρ
625 3418 666 3482 οὐ
688 3421 899 3503 προβήσεται.

209 3571 265 3663 {33}
281 3571 379 3673 μέτρα]
399 3576 521 3665 ρερῖονοι.
595 3579 628 3628 18
647 3573 717 3647 λόγῳ
736 3577 787 3646 Χ,,
807 3574 890 3645 λόγον
909 3575 968 3632 alii.
1029 3572 1153 3632 δέδοται.
