2578 3984
344 206 592 262 PACHYMERAE
611 208 870 268 PARAPHRASIS.
1048 215 1111 278 119

161 365 234 436 Ἐπί
263 367 299 434 δὲ
329 371 573 457 δεκακίασίων,
602 367 676 439 οἷον
698 360 785 458 Mi
807 373 861 440 καὶ
889 375 909 458 ἡ
938 374 1112 460 ἀφαίρεσις

92 478 208 544 αὐτῶν
241 478 358 562 μονάς·
391 464 490 560 ιῙβ,δ
520 478 573 544 καὶ
605 480 627 565 ἡ
660 481 835 566 ἀφαίρεσις
867 482 979 547 αὐτῶν
1012 483 1111 560 δυάς·

92 570 188 668 {M
210 582 265 650 καὶ
283 583 304 667 ἡ
324 583 495 669 ἀφαίρεσις
519 587 628 652 αὐτῶν
651 589 759 672 τριάς·
783 573 880 672 μδ,ῇ
902 585 995 671 καὶὴ
1015 588 1110 671 ἀφαί·

94 709 188 776 ρεσις
203 691 357 774 <αύτῶν>
373 691 500 774 τετράς·
524 690 580 757 καὶ
604 691 654 758 ἀεὶ
678 695 794 771 οὕτως·
820 695 855 759 οί
875 692 937 779 μὲν
960 696 1023 779 γὰρ
1042 697 1111 779 μεί-

94 802 172 877 ζους
196 799 258 863 ἀιιὸ
281 799 319 865 ῖᾶ
342 795 394 863 ἐπὶ
418 797 469 884 ι’ἀ,
493 800 528 864 οί
550 795 587 864 δὲ
606 800 761 877 ἐλάττους
779 801 860 865 κατά
878 803 956 876 τοὺς
975 800 1110 887 ἀρτίους
1136 828 1150 868 ε

93 904 160 971 ἀπὸ
186 906 318 983 δυάδος.

163 1012 230 1077 Καὶ
253 1014 335 1078 κατά
361 1015 483 1091 ταύτας
509 1015 568 1091 τάς
595 1016 786 1099 συμπλοκὰς
809 1015 1047 1098 εὐθετήσονται
1070 1017 1110 1080 τά

93 1122 328 1204 προβλήματα,
357 1121 441 1185 ὥστε
464 1120 681 1206 ἀφαιρεῖσθαι
705 1121 768 1186 ἀττὸ
793 1121 855 1186 δύο
879 1121 1033 1206 ἀριθμῶν
1058 1125 1109 1188 δε-

93 1226 251 1311 δομένων
271 1227 331 1290 τδυ
350 1227 453 1293 αὐτὸν
473 1227 630 1313 ἀριθμόν,
654 1228 698 1304 ὡς
720 1231 876 1312 γίνεσθαι
899 1231 979 1305 τοὺς
1001 1233 1110 1294 λειπο-

94 1332 218 1418 μένους
240 1333 322 1398 κατά
345 1358 420 1399 τινα
444 1336 546 1419 λόγον
568 1346 636 1399 τῶν
660 1333 946 1420 ἀκηριθμημένων
963 1333 1018 1399 καί
1041 1346 1110 1400 τῶν
1125 1363 1151 1402 ιο

93 1440 224 1525 ὁμοίων
247 1438 303 1505 καὶ
327 1437 454 1524 ἑφεξῆς,
479 1442 511 1505 εί
529 1438 584 1505 καί
604 1442 699 1506 ἀίλοι
717 1437 805 1517 τινές
823 1439 876 1506 έιτὶ
894 1452 964 1518 τοῖς
982 1442 1110 1526 ὁμοίοις

93 1549 209 1631 λόγοις
237 1545 359 1630 μεταξὺ
386 1548 515 1612 τούτων
538 1547 764 1630 εὑρίσκονται,
793 1548 875 1612 ὥστε
899 1546 952 1612 ἐπὶ
975 1547 1109 1613 ττάντων

92 1665 162 1719 τῶν
195 1655 453 1719 πολλαπλασίων
486 1652 523 1718 ἐν
554 1664 624 1731 τοῖς
655 1654 819 1730 τοιούτοις
845 1663 905 1718 τοῦ
936 1653 1110 1732 έίάττονος

92 1763 153 1826 τὸν
176 1761 301 1844 ἥμισυν
323 1761 439 1825 κοινὸν
463 1760 627 1845 ἀφαίρεμα
652 1763 810 1844 γίνεσθαι
833 1758 888 1826 καὶ
911 1759 945 1839 ἐξ
968 1759 1110 1846 ἀμφοτέ·

94 1890 165 1951 ρων
188 1864 242 1931 καὶ
267 1866 354 1932 ούτω
377 1866 438 1949 τὴν
461 1867 560 1931 λύσιν
582 1870 746 1950 γίνεσθαι.
1123 1895 1151 1935 15

164 1971 236 2038 Ὅτι
262 1974 388 2057 δηλαδὴ
418 1974 454 2039 οί
477 1984 545 2038 τῶν
567 1975 728 2039 τοιούτων
751 1972 921 2051 ἐλάττονες
944 1976 1025 2040 κατά
1047 1976 1109 2059 τὴν

92 2079 158 2145 ἀπὸ
183 2081 307 2156 δυάδος
331 2091 397 2144 τῶν
421 2080 545 2163 ἀρτίων
567 2083 734 2164 πρόβασιν
757 2080 920 2158 εύτάκτως
943 2085 1108 2165 γίνονται·

93 2171 130 2271 δ,
151 2171 187 2269 δ,
205 2189 241 2269 ξ,
260 2185 333 2270 ἧ,ῖ
365 2183 420 2251 καί
452 2186 581 2272 ἐφεξῆς·
615 2190 791 2272 συμβαίνει
822 2198 907 2272 γοῦν
932 2190 1005 2270 [εἰς]
1030 2191 1109 2266 τοὺς

92 2294 268 2370 τοιούτους
294 2291 349 2358 καὶ
378 2292 569 2379 ἀφαιρέσεις
594 2305 663 2358 τῶν
687 2295 749 2360 δύο
773 2297 928 2379 γίνεσθαι
952 2293 1108 2379 ἀριθμῶν

91 2411 161 2467 τῶν
198 2398 385 2485 διδομένων
423 2399 560 2466 ἐκείνων
597 2399 653 2465 καὶ
694 2402 753 2465 τὸν
789 2403 1106 2484 πολλαπλασιασμὸν
1121 2426 1148 2467 κο

92 2509 258 2584 εύτοίντως
281 2506 520 2592 λαμβάνεσθαι.

160 2613 228 2680 Καὶ
259 2623 362 2680 ταῦτα
392 2610 452 2698 μὲν
480 2612 533 2680 ἐπὶ
565 2624 632 2679 τῶν
662 2614 727 2679 ὑπὸ
760 2615 887 2678 κανόνα
919 2616 1107 2679 τικτόντων

92 2721 147 2788 καί
172 2732 323 2805 συνεχῶν
346 2723 454 2786 ὄντων
478 2721 646 2804 ἀριθμῶν·
675 2718 727 2785 ἐπὶ
752 2716 789 2785 δέ
812 2731 879 2786 τῶν
903 2721 1039 2804 διεχῶν,
1064 2721 1108 2798 ῶς

93 2828 186 2915 φέρε,
211 2826 397 2911 διδομένων
421 2812 527 2907 ιῖκαὶ
550 2813 591 2911 δ,
615 2829 646 2893 εί
669 2831 828 2910 ζητοῦμεν
852 2827 932 2911 μετὰ
954 2828 1016 2910 τὴν
1039 2850 1108 2892 κοι-

92 2938 157 3020 νὴν
180 2935 358 3021 ἀφαίρεσιν
381 2935 440 2998 τὸν
464 2935 656 3016 διπλάσιον,
684 2933 770 3018 δι’τά
798 2931 852 2998 καὶ
876 2918 919 3017 δ,
948 2935 980 2998 εί
1007 2937 1107 3018 ζητού·
1121 2957 1149 2998 25

93 3067 177 3126 ημεν
210 3043 290 3126 μετὰ
321 3041 383 3124 τὴν
415 3039 593 3123 ἀφαίρεσιν
624 3043 684 3106 τὸν
715 3040 928 3126 τριπλάσιον,
965 3041 1009 3118 ὡς
1041 3041 1110 3107 ἐκεῖ

95 3150 198 3232 ούσης
220 3148 367 3233 μονάδος
394 3144 601 3230 ἀφαιρέσεως
628 3156 741 3231 κοινῆς
769 3145 824 3212 καὶ
848 3147 995 3212 ἐνταῦθα
1017 3149 1108 3231 τριά-

95 3257 162 3339 δος,
185 3253 240 3320 καὶ
263 3254 364 3320 ιτάλιν
386 3255 427 3339 κή
451 3253 505 3319 καὶ
529 3255 557 3337 ῖ,
582 3256 613 3319 εί
635 3257 807 3338 ζητοίημεν
826 3257 906 3338 μετά
928 3255 990 3338 τὴν
1009 3253 1108 3339 ἀφαί-

94 3380 188 3447 ρεσιν
210 3363 270 3426 τὸν
292 3362 545 3446 τετραπλάσιον,
571 3362 642 3445 ἥτις
665 3358 755 3426 ἐστὶν
779 3360 797 3425 δ
821 3347 857 3444 δ,
885 3358 941 3426 καὶ
964 3355 1064 3438 αὖθις
1088 3346 1108 3426 ἀ

165 3594 198 3643 17
217 3591 385 3663 τροβίβασιν
404 3591 465 3647 cod.
511 3597 543 3646 18
564 3589 603 3654 τίς
624 3605 678 3644 see.
699 3605 784 3644 manu
802 3589 862 3646 οοά.
883 3588 969 3646 ἀνοία
987 3589 1106 3643 medela.

1276 3629 1278 3681 4
