2570 3988
160 177 212 231 XX
525 176 801 229 PROLEGOMENA.

162 336 460 423 pronuntiaruntl),
489 342 526 403 ut
549 337 746 403 difficiliores
770 359 865 420 quam
890 338 924 401 in
948 337 1060 420 quinto
1084 336 1170 400 libro

161 445 368 529 quaestiones
409 445 665 530 proposuissetp
686 445 733 509 ita
773 444 860 508 haud
900 443 1010 529 magni
1046 443 1172 507 iactura
1272 477 1273 484 κ

160 551 308 616 facienda
330 551 416 616 foret
438 555 471 615 et
494 574 568 635 pars
593 535 757 635 depdrdita
779 573 845 616 non
867 555 941 634 post
965 553 1090 614 sextum
1113 549 1170 614 sed
1272 591 1273 596 κ

161 658 270 742 potius
293 663 368 742 post
389 658 529 742 primum
551 658 668 723 librum
689 657 906 722 desideranda.
941 656 1029 733 Quae
1047 656 1076 721 si
1093 678 1172 721 vera

161 768 277 850 essent,
300 765 353 829 vix
378 768 502 829 starent
525 787 607 849 quae
631 765 802 849 disputavi.

228 869 289 935 Sed
314 893 446 955 quaeso,
475 871 502 935 si
526 871 668 955 quintus,
693 872 721 935 si
744 875 852 935 sextus
875 871 958 935 liber
981 870 1172 934 Arithmeti-

160 999 270 1043 corum
290 977 474 1061 deperditus
494 982 587 1056 esset,
609 979 680 1062 quis
699 977 911 1042 recentiorum
931 998 1072 1061 unquam
1090 977 1172 1041 talia

160 1084 365 1168 problemata
384 1083 548 1149 aGraecis
567 1087 695 1149 tentata
713 1084 814 1148 fuisse
829 1083 1038 1148 credidisset?
1070 1081 1172 1148 Maxi-

159 1213 231 1255 mus
264 1212 353 1256 error
386 1193 436 1254 est
470 1192 497 1254 si
529 1211 626 1274 neges
660 1189 744 1276 quod
777 1190 817 1254 ab
851 1191 990 1275 antiquis
1021 1191 1171 1255 omnibus

96 1326 98 1333 ¹
160 1296 347 1382 ignoratum
384 1297 485 1362 fuisse
521 1319 586 1363 non
619 1297 790 1362 manifeste
822 1297 1078 1363 demonstratum
1113 1302 1172 1381 est,

158 1404 220 1469 hoc
246 1405 287 1468 ab
312 1403 421 1488 aliquo
445 1404 676 1469 mathematico
700 1425 816 1489 graeco
840 1405 993 1488 cognosci
1016 1403 1171 1488 potuisse.

161 1510 334 1593 Quousque
353 1511 513 1575 theoriam
531 1510 569 1574 de
583 1510 725 1575 numeris
740 1511 937 1593 promoverit
951 1511 1172 1592 Archimedes,

159 1620 196 1681 ut
220 1617 259 1681 de
281 1617 354 1681 aliis
379 1621 518 1700 taceam,
542 1618 570 1681 si
592 1618 764 1700 nescimus,
786 1618 1003 1702 ignorantiam
1026 1622 1172 1682 nostram

158 1723 329 1788 fateamur.
375 1721 437 1788 Sed
466 1725 550 1788 inter
573 1724 699 1788 celebre
722 1723 802 1787 illud
825 1724 994 1806 problema
1017 1724 1171 1789 bovinum

159 1835 193 1894 et
221 1829 413 1895 difficillima
437 1828 645 1913 Diophantea
673 1851 780 1894 nonne
805 1830 884 1894 satis
909 1832 1052 1914 amplum
1075 1831 1171 1895 inter·

159 1937 282 2001 vallum
315 1941 364 2001 est
395 1941 432 2001 ut
461 1941 583 2020 septem
612 1936 714 2001 libros
743 1936 968 2020 complendum
997 1937 1172 2003 admittat?

160 2042 206 2108 Et
228 2065 268 2108 ne
292 2043 377 2128 quod
400 2044 594 2108 recentiores
618 2043 838 2108 mathematici
862 2043 1064 2123 invenerunt,
1093 2045 1173 2109 anti·

160 2150 234 2234 quis
259 2151 421 2234 adrogem,
444 2171 551 2214 nonne
574 2149 779 2232 plura-Indis
799 2150 1025 2233 Arabibusque
1049 2152 1173 2216 tributa

161 2278 199 2320 ex
227 2256 352 2341 graecis
380 2256 526 2320 fontibus
554 2256 671 2321 hausta
701 2279 770 2320 esse
794 2256 992 2340 potuerunt?
1039 2257 1122 2333 Quid
1146 2259 1173 2322 si
1221 2245 1225 2255 ¹
1277 2287 1278 2304 i

160 2363 347 2428 Leonardus
367 2361 504 2427 Pisanus
528 2363 695 2447 problema
719 2362 818 2428 solvit
837 2362 1051 2446 Diophanteis
1076 2364 1174 2428 simil-

38 2551 40 2556 ·
160 2469 285 2552 limum,
304 2470 337 2533 in
357 2468 581 2534 Arithmetieis
600 2469 695 2535 hodie
714 2469 835 2535 frustra
853 2470 1093 2553 quaerendum?
1128 2469 1175 2535 Ut

159 2576 291 2640 liberius
315 2577 442 2660 loquar,
471 2598 569 2659 quum
593 2577 830 2641 illustrissimus
856 2574 1041 2641 Obaslesius
1066 2577 1171 2642 Poris·

160 2687 250 2747 mata
275 2681 420 2748 Euclidis
450 2683 529 2747 satis
559 2683 772 2766 probabiliter
799 2683 956 2766 restituit,
986 2684 1048 2748 etsi
1070 2684 1175 2768 Pappi

161 2788 325 2854 lemmatis
349 2789 491 2875 adiutus,
521 2790 735 2854 difficiliorem
760 2789 901 2873 suscepit
923 2811 1053 2873 operam
1078 2813 1174 2874 quam

164 2897 191 2960 si
213 2896 387 2961 numericis
412 2897 654 2979 quaestionibus
674 2919 693 2961 a
712 2895 843 2960 Graecis
862 2895 948 2961 baud
967 2897 1034 2960 iure
1054 2896 1175 2961 abiudi-

163 3002 273 3066 candis
294 3005 418 3085 septem
438 3003 659 3086 Diophanteos
679 3003 779 3068 libros
798 3003 959 3087 complere
975 2992 1175 3068 tentavisset.

165 3105 227 3172 Sed
259 3108 470 3175 Obaslesiaua
502 3109 700 3194 geometrica
728 3112 844 3192 utpote
870 3131 944 3174 vere
972 3131 1056 3175 nova
1085 3109 1175 3174 avide

165 3237 185 3278 a
222 3215 376 3280 studiosis
414 3221 545 3301 accepta
582 3220 671 3301 sunt3
707 3216 856 3300 analysiu
894 3216 1175 3281 indeterminatam

237 3464 262 3531 1)
281 3460 352 3515 Vide
367 3461 405 3515 M.
420 3461 531 3528 Cantor,
556 3461 739 3531 Vorlesanpeu
757 3463 824 3516 albor
838 3461 991 3517 Gescbiclitc
1006 3464 1054 3518 der
1069 3463 1176 3518 Mathe-

93 3575 95 3581 s
165 3552 259 3619 coctile,
278 3551 290 3603 Ι
309 3553 400 3621 (1880)
418 3568 445 3618 p.
466 3555 526 3604 387.
