2570 3988
471 225 750 279 PROLEGOMENA.
989 224 1119 279 XXXVII

172 383 264 460 Quod
298 385 343 451 siu
376 385 556 451 ostendam:
594 388 735 470 primum
770 389 996 471 compendium
1031 389 1119 454 tech-

104 492 214 556 nicum
238 492 354 576 16,11
384 495 479 576 posui
507 516 567 577 pro
597 494 740 577 μονάδες
768 494 925 578 codicum3
959 496 1014 559 sed
1045 503 1132 579 posi·

104 600 187 663 ἔστω
208 620 284 663 usus
304 598 450 664 formam
461 600 618 684 μονάδων
641 622 774 685 poscere
794 602 929 686 videtur,
953 607 991 666 ut
1011 603 1062 686 16,
1078 603 1118 667 13

104 705 253 789 ἀριθμοῦ
273 703 362 787 ἑνός,
387 707 438 790 16,
453 708 493 772 14
512 706 660 792 ἀριθμοῦ
680 705 754 783 ἑνὸς
772 708 929 791 μονάδων
948 711 984 794 μ,
1010 710 1061 790 16,
1075 709 1116 773 21

105 819 137 875 ei
162 812 206 876 22
234 811 399 894 μονάδων.
449 812 532 877 Item
564 815 618 897 16,
640 813 682 877 14
711 814 835 880 codices
864 815 942 880 dent
968 817 1120 897 γίνονται

105 916 246 1002 ἀριθμοὶ
270 919 332 982 δύο
355 919 498 1002 μονάδες
521 923 557 1005 μ,
581 921 638 984 sed
661 925 737 1005 post
759 924 886 1004 γίνεται
910 923 1007 986 etium
1032 923 1120 1006 geni-

103 1027 191 1090 tivus
232 1047 325 1091 casus
364 1026 540 1090 desiderari
576 1029 702 1111 potest,
736 1031 773 1091 ut
813 1028 867 1111 16,
899 1028 939 1091 21
976 1025 1121 1110 ἀριθμὸς

105 1131 274 1216 μονάδων.

173 1237 402 1303 Nomineiivus
436 1260 530 1304 nasus
567 1239 646 1303 item
684 1241 724 1305 ed
757 1241 899 1304 valorem
936 1240 1121 1325 praedican-

106 1346 182 1410 dum
215 1347 378 1409 invenitur
411 1345 516 1409 adhuc
541 1346 595 1428 18,
619 1348 654 1428 4,
678 1347 718 1410 12
752 1345 911 1431 (ἀριθμοὶ
945 1358 1033 1430 τρεῖς
1065 1345 1120 1410 καὶ

106 1449 249 1535 μονάδες
271 1450 442 1536 τέσσαρες,
469 1452 524 1516 sed
549 1451 697 1536 ἀριθμοῦ
722 1451 823 1537 ἑνός),
851 1456 904 1537 15,
934 1455 986 1537 20,
1005 1454 1039 1535 5,
1069 1456 1121 1530 26,

106 1560 149 1624 22
175 1557 332 1641 (ἀριθμὸς
355 1551 430 1642 εἷς),
459 1559 590 1643 28,18,
622 1561 755 1642 30,13,
783 1562 841 1644 36,
864 1561 936 1643 6,7
967 1558 1121 1644 (άροδμοὶ

106 1653 157 1748 ip,
181 1666 235 1728 sed
259 1664 407 1750 άριδμοῦ
431 1663 505 1740 ἑνὸς
527 1666 685 1749 μονάδων
710 1653 779 1752 νβ),
815 1668 874 1748 40,
899 1667 953 1746 15,
980 1670 1034 1750 17,
1068 1669 1120 1749 44,

105 1774 140 1854 2,
161 1772 194 1852 8,
221 1772 278 1855 46,
300 1773 428 1856 16,17,
450 1773 489 1836 19
515 1769 662 1856 (ἔσονται
685 1774 829 1857 μονάδες
848 1771 920 1860 ὦ),
945 1775 987 1839 22
1012 1773 1122 1858 (ἀριδ-

105 1877 163 1963 μοδ
182 1881 200 1943 ε
219 1928 247 1942 ..
267 1879 410 1963 μονάδες
429 1876 479 1964 ῥ’),
501 1879 627 1963 48,16,
650 1879 704 1963 50,
724 1881 742 1944 8
768 1877 921 1965 (άρνδμοδ
940 1880 1050 1965 τρεῖς),
1071 1882 1121 1946 15.

106 1986 196 2050 Haec
229 2008 330 2070 usque
361 1987 401 2050 ed
433 1985 587 2070 paginam
622 1986 677 2069 52,
695 1987 721 2050 -9
754 1988 894 2070 reperio,
926 1986 982 2051 ubi
1015 1986 1121 2071 primo

107 2092 333 2178 compendium
361 2093 544 2158 technioum
572 2108 591 2160 s
621 2097 755 2177 apparet
785 2093 821 2156 in
849 2094 959 2157 codiee
987 2096 1019 2156 A
1052 2093 1120 2157 sine

6 2221 7 2230 ¹
105 2202 175 2264 ulla
206 2200 314 2265 finalis
349 2203 439 2264 nota.
493 2199 623 2285 Ubique
657 2200 738 2265 alias
771 2221 874 2284 usque
907 2200 947 2264 ad
985 2200 1121 2264 eundem

105 2306 283 2372 terminum
307 2306 469 2391 geniiivus
494 2327 587 2370 casus
611 2308 751 2390 ponitur.

174 2411 282 2477 Unam
314 2414 513 2496 eandemque
545 2414 580 2476 in
613 2413 733 2477 talibus
766 2413 929 2478 scribendi
962 2412 1121 2478 rationem

106 2519 286 2604 Diophanii
314 2518 415 2584 fuisse
444 2521 515 2603 quis
546 2519 758 2602 pronuntiet?
809 2518 870 2584 Sed
900 2541 996 2602 quum
1025 2518 1121 2582 fidem

107 2627 233 2692 codices
258 2630 451 2710 mereantur,
475 2649 514 2690 ex
539 2626 610 2690 aliis
634 2626 742 2690 videre
766 2630 830 2712 est;
855 2627 905 2708 18,
927 2628 977 2708 11,
998 2625 1038 2689 13
1062 2647 1121 2708 μο-

106 2733 184 2798 νάσι
202 2731 379 2816 τέσσαρσιν
397 2731 540 2818 ὑπερέχῃ
563 2729 620 2819 (ει)
645 2733 803 2818 scriptum
827 2729 922 2818 est1),
945 2731 1121 2815 quodcum

106 2863 168 2906 usu
196 2839 405 2923 Diophanieo
434 2841 517 2904 bene
547 2839 706 2924 congruit.
756 2839 802 2904 At
831 2839 1034 2904 aecusativus
1061 2860 1120 2921 pro

107 2947 218 3011 dativo
247 2946 381 3030 ponitur
408 2946 465 3030 20,
484 2948 519 3029 4,
548 2947 681 3030 22,12,
708 2947 842 3031 40,14,
864 2947 903 3012 16
933 2949 966 3010 ei
992 2944 1121 3029 paginis

106 3056 159 3135 42,
179 3054 232 3138 44,
250 3053 308 3118 46ε
332 3053 456 3117 nullum
476 3052 564 3117 eliud
584 3053 768 3136 exemplum
789 3050 994 3139 (compendia
1013 3052 1121 3117 seluta

107 3162 135 3226 si
160 3158 317 3244 excipias)
341 3159 476 3241 reperiri
500 3162 617 3242 potest.

176 3266 237 3332 Sed
270 3265 347 3350 quid
379 3264 484 3330 dicum
517 3265 555 3328 de
590 3265 735 3350 genitivo
773 3270 847 3350 posi
880 3287 991 3331 vocem
1024 3266 1122 3342 ἴσοςῖ)

107 3375 141 3439 Α
163 3375 270 3458 primu
294 3394 393 3435 manu
416 3371 547 3456 scripsit
569 3371 728 3456 μονάδων
752 3371 767 3450 ξ
794 3372 843 3457 18,
862 3374 897 3459 3,
926 3373 1046 3453 similia
1074 3393 1122 3436 re·

180 3605 206 3671 1)
227 3603 264 3655 At
282 3599 414 3670 μονάδων
432 3599 574 3671 τεσσάρων
593 3603 619 3654 Α
637 3599 729 3670 primu
747 3617 840 3656 mann.
