2578 3984
161 195 203 260 72
304 195 353 250 DE
371 194 583 251 DIOPHANTO
602 194 828 252 TESTIMONIA
845 192 1031 250 VETERUM.

205 359 299 423 Ετττὰ
322 360 403 423 ἔσαν
426 364 573 444 μαλεροῦ
595 361 701 442 πυρὸς
725 358 874 443 ἐσχάραι·
898 356 935 423 ἐν
959 354 996 422 δὲ
1021 354 1138 443 ἑκάστη

204 461 396 548 πεντήκοντ’
415 465 542 548 όβελοί,
566 462 641 550 περὶ
665 464 702 530 δὲ
725 464 805 551 κρέα
828 465 1048 546 πεντήκοντα·

203 568 275 656 τρὶς
299 566 335 636 dt
358 573 542 655 τριηκόσιοι
564 569 640 654 περὶ
663 572 700 637 ἓν
723 570 820 656 κρέας
843 566 929 653 ἦσαν
948 567 1084 654 Ἀχαιοί.

225 694 401 774 Μνριόόες
428 694 565 782 Ιαφοεῆ)
606 697 713 780 ἤγουν
741 694 886 780 χιλιάδες
913 695 1030 779 μύριαι
1057 715 1175 760 ττεντα-

132 803 317 885 τκισχίλιαι
340 798 531 867 ἑπτακόσιαι
552 805 765 887 πεντήκοντα.

274 1192 326 1257 Ex
350 1193 482 1258 scholiis
507 1193 626 1258 codicis
650 1193 831 1258 Florentini
853 1194 886 1258 in
911 1196 1061 1276 quartum

505 1299 677 1365 Iamblichi
695 1300 824 1365 librum.

157 1438 320 1509 (Iamblichi
343 1439 372 1493 in
394 1439 561 1494 Nicomachi
583 1439 800 1494 Arithmeticem
824 1439 1063 1510 Introducticnem
1093 1438 1174 1494 liber.

118 1535 144 1572 1⁰
336 1527 435 1584 Edidit
453 1528 571 1584 Pistelli.
609 1527 729 1597 Lipsiae,
749 1527 885 1596 Teubner,
907 1532 995 1597 1894.)

224 1655 260 1722 Ρ.
276 1657 328 1740 11,
342 1657 464 1722 9-11:
495 1655 600 1732 οὕτως
623 1655 641 1721 ὁ
660 1657 856 1740 Διόφαντος
883 1655 920 1722 ἐν
948 1665 1018 1732 τοῖς
1040 1658 1174 1741 Μορια-

157 1759 328 1849 στικοϊς·2)
351 1765 451 1847 μόρια
478 1751 542 1846 γὰρ
575 1762 636 1845 τὴν
669 1763 716 1837 εἰς
748 1764 886 1827 ἔλαττον
917 1771 984 1826 τῶν
1014 1762 1173 1845 μονάδων

157 1869 307 1951 πρόοδον
332 1870 379 1945 εἰς
400 1869 438 1933 τὸ
462 1869 608 1951 ἄπειρον.

224 1975 260 2040 Ρ.
275 1972 327 2061 98,
343 1977 376 2041 3:
391 1984 489 2040 τοῦτο
505 1975 782 2058 θνναμοόύναμιν
797 1975 815 2041 ὁ
830 1977 1023 2060 Διόφαντος
1040 1974 1173 2064 scisti)

118 2098 144 2139 15
225 2082 260 2146 P.
275 2083 327 2162 98,
340 2083 375 2147 4:
398 2091 519 2147 τοῦτον
542 2084 733 2165 κνβόκνβον
756 2086 851 2146 καλεῖ
871 2081 1140 2168 ὁΔιόφαντοςἈ)

224 2187 258 2252 Ρ.
279 2190 351 2270 110,
366 2191 400 2254 ’λε
424 2189 464 2253 τὰ
488 2189 556 2253 ἴδια
579 2197 638 2272 τῆς
661 2187 842 2273 ἁρμονικῆς
860 2190 1038 2272 μεσότητος
1056 2190 1173 2255 τελεώ-

157 2317 255 2380 τερον
288 2296 511 2379 μαθησόμεθα
544 2293 580 2360 ἐν
612 2303 657 2382 τῷ
686 2297 863 2382 τελευταίῳ
891 2297 1083 2379 θεωρήματι
1112 2307 1175 2362 τοῦ

156 2401 290 2484 πρώτου
318 2404 452 2486 βιβλίου
481 2409 538 2485 τῆς
560 2402 758 2486 Διοφάντου
787 2399 1006 2484 ἀριθμητικῆς
1033 2418 1174 2486 στοιχει-

158 2507 279 2590 cicccc,
310 2505 366 2572 καὶ
399 2506 530 2573 ε’κελθεν
561 2509 615 2572 δεῖ
639 2509 699 2572 τὸν
728 2509 916 2591 φιλόπονον
949 2505 1175 2592 ἀναλέγεσθαι

117 2633 143 2670 20
156 2610 304 2699 ταῦταῦ)

229 2809 255 2875 1)
275 2805 420 2861 Scholium
438 2806 468 2858 in
486 2804 613 2874 margine
633 2804 769 2875 scriptum
789 2805 914 2874 setisque
933 2805 1070 2874 ineptum.

227 2880 255 2947 2)
273 2877 334 2932 Hoc
357 2876 471 2931 nomine
498 2875 614 2945 entique
643 2876 751 2945 scholia
773 2876 894 2930 indicari
916 2877 1061 2947 videntur,
1090 2895 1174 2948 quae,

155 2964 230 3001 nunc
249 2948 405 3018 deperdita,
425 2947 462 3002 ad
479 2947 635 3018 Diophsnti
653 2947 715 3008 Des.
730 2947 778 3017 III,
798 2950 860 3016 etc,
879 2947 986 3018 scripte
1004 2947 1127 3005 fuerunt.

227 3021 255 3089 3)
273 3018 362 3075 Def.I
381 3019 404 3088 (I
422 3021 591 3089 p.4‚1sq1).

226 3096 255 3156 4)
273 3089 335 3144 Des.
350 3090 363 3143 I
380 3090 404 3159 (I
423 3110 449 3160 p.
464 3096 489 3158 4,
505 3092 591 3160 6sq.).

228 3163 254 3231 ὅ)
273 3160 306 3214 In
325 3160 438 3215 scholiis
458 3160 582 3230 antiquis
602 3161 757 3232 deperditis
777 3162 814 3216 ed
836 3161 929 3217 Probl.
945 3162 971 3231 Ι,
990 3181 1073 3214 xxxxx
1101 3163 1175 3219 satis

155 3232 267 3301 amplus
286 3233 320 3286 de
339 3232 542 3289 medietatibus
561 3232 778 3288 commentarius
798 3232 941 3288 exstitisse
959 3232 1079 3288 videtur.

226 3432 240 3480 1
257 3423 341 3482 ‘Em'
359 3424 426 3482 ἔσαν
444 3429 474 3485 P.
