2570 3988
324 226 558 282 DIOPHANTUS
577 193 932 281 Ρεεοοεειοπενσοε.
1015 297 1020 306 ,
1096 226 1138 290 13
1225 188 1228 194 ⁵

99 369 223 457 λεπτά
245 392 609 474 πολλαπλασιαζόμεναι
632 391 725 470 τρίτα
753 390 855 455 λεπτά
881 398 1052 455 ποιοῦσιν·
1083 387 1139 455 καὶ

118 498 234 574 ἁπλῶς
255 507 323 562 πᾶν
334 479 435 573 ἐἶδος
452 494 528 579 παρ’
552 495 650 563 ἑαυτὸ
669 499 885 582 μεριζόμενον
902 509 1024 580 μοῖραν
1042 507 1143 562 ποιεῖ.

191 603 241 670 Οὐ
261 606 316 668 ἀεί
332 598 394 669 οὖν
413 603 613 685 ἀπατᾶσθαι,
634 608 666 667 εί
680 612 745 668 τόν
763 599 842 667 καθ’
865 602 1029 668 ὑπόθεσιν
1045 605 1139 688 τρίτα
1210 671 1213 676 ,

301 695 319 704 ,-

120 709 282 795 ἑξηκοστά
305 709 321 789 ξ
344 712 540 796 μεριζόμενα
568 706 644 794 παρ’
672 707 787 792 ἑαυτά,
818 711 849 774 εί
870 711 979 793 τύχοι,
1007 710 1096 796 παρά
1118 714 1140 793 β

120 819 225 882 λεπτά
246 813 351 900 τρίτα,
374 819 506 900 ποιησει
529 820 647 901 μοίρας
665 801 695 899 λ,
719 815 972 901 ἐνθυμούμενος
995 817 1047 881 ὅτι
1063 816 1140 910 τάξ
1167 841 1180 881 5

119 926 217 1009 τρίτα
258 926 453 1009 μεριζόμενα
490 924 617 1009 ὀφείλει
656 933 765 988 ποιεῖν
806 921 970 988 ἐλάσσονα
1012 921 1140 989 ἑαυτῶν

120 1030 272 1116 ἀριθμὸν
308 1029 363 1096 καὶ
399 1029 474 1115 οὐχὶ
511 1033 629 1114 μοίρας
663 1015 712 1112 λ,
739 1029 862 1106 αἵτινες
897 1030 1140 1096 πολλαπλάσιαι

121 1138 327 1221 τυγχάνουσι
354 1149 421 1202 τῶν
445 1141 461 1215 ξ
484 1142 624 1203 λεπτῶν·
649 1133 751 1203 οὐδὲν
773 1138 836 1222 γάρ
857 1138 981 1202 ἀτοπον
1000 1135 1140 1223 ἀπαντᾷ,

121 1242 187 1308 κάν
204 1248 384 1327 γεγόνασιν
403 1245 440 1308 αί
456 1228 475 1309 λ
493 1254 608 1328 μοῖραι
622 1242 658 1308 ἐκ
674 1252 735 1309 τοῦ
754 1251 917 1327 μερισμοῦ
935 1251 1002 1306 τῶν
1019 1245 1141 1320 τρίτων

123 1353 253 1416 λεπτῶν
271 1348 347 1436 παρ’
372 1349 483 1434 ἑαυτά,
502 1353 693 1435 παραβολῆς
711 1349 889 1435 γινομένης
907 1359 974 1414 τῶν
989 1349 1005 1428 ξ
1019 1351 1140 1440 τρίτων
1157 1377 1182 1416 10

123 1462 254 1522 λεπτῶν
276 1458 366 1543 παρὰ
388 1459 586 1543 μικρότερόν
609 1480 694 1540 τινα,
719 1448 793 1522 οἷον
814 1441 897 1540 τάβ
917 1457 1011 1541 τρίτα
1030 1455 1141 1537 λεπτά,

125 1566 214 1630 διότι
237 1563 271 1642 ἐξ
290 1565 434 1649 ἀνάγκης
453 1561 661 1650 μακροτέραν
678 1565 829 1652 πλευράν
847 1561 882 1628 ἐκ
901 1572 961 1628 τοῦ
979 1572 1152 1648 μερισμοῦΙ

123 1682 193 1737 τῶν
211 1677 339 1737 λεπτῶν
358 1672 426 1738 ἔδει
443 1669 604 1755 γενέσθαι
623 1670 782 1748 ἐναντίως
799 1681 870 1747 ταῖς
888 1670 1022 1754 μονάσι·
1042 1673 1142 1756 μόρια

123 1778 190 1862 γάρ
223 1780 289 1843 είσι
319 1779 359 1843 τά
391 1779 500 1843 λεπτά.
541 1775 600 1843 ,ἐπὶ
633 1775 670 1843 δὲ
701 1789 768 1842 τῶν
802 1779 930 1862 μορίων
962 1775 1013 1843 ἀεὶ
1044 1786 1142 1844 τοῦτο

124 1886 234 1962 οὕτως
256 1885 442 1970 εὑρίσκεται
465 1883 689 1970 μεριζομένων
710 1885 800 1970 παρά
829 1887 944 1970 μόρια,
973 1886 1082 1970 ὥσπερ
1105 1886 1142 1950 τὸ
1159 1909 1183 1949 15

126 1989 170 2075 ιβ’
193 1988 271 2057 καθ’
296 1992 463 2058 ὑπόθεσιν
486 1993 574 2077 παρὰ
597 1993 634 2057 τὸ
659 1988 688 2056 δ’
712 1994 927 2076 μεριζόμενον
947 1990 980 2069 ἐξ
999 1990 1144 2076 ἀνάγκης

125 2109 218 2164 ποιεί
237 2099 275 2163 τὸ
297 2095 339 2182 γ’.
375 2099 524 2184 φανερὸν
548 2095 586 2164 δὲ
609 2100 700 2163 ἔσται
718 2098 819 2163 πάλιν
838 2100 875 2163 τὸ
895 2100 1076 2182 λεγόμενον
1096 2095 1140 2162 δι’

2 2227 7 2236 ·
107 2185 323 2291 ’ἀναγραφῆς
346 2208 478 2291 χωρίονΥ
494 2213 539 2293 τῷ
562 2203 769 2293 βουλομένῳ·
793 2206 1031 2290 σεσημειάσθω
1052 2201 1088 2270 δὲ
1106 2205 1143 2270 τὸ

125 2310 304 2398 εἰρημένον
327 2314 372 2388 ὡς
395 2311 577 2394 ἀναγκαῖον
595 2309 650 2376 καὶ
668 2323 738 2388 τοῖς
755 2316 892 2387 πολλοῖς
911 2311 973 2376 οὐκ
991 2311 1145 2395 εὔθηλον.

72 2411 79 2426 ’
171 2416 345 2503 ’Λεάτερα
373 2415 487 2502 μέντοι
514 2419 615 2482 λεπτά
642 2418 731 2503 παρά
758 2428 871 2502 πρῶτα
900 2428 992 2483 ποιεί
1019 2428 1145 2502 πρῶτα,
1160 2444 1185 2483 ιο

90 2556 95 2566 ·
128 2523 242 2608 ἐπειδὴ
261 2522 318 2589 καὶ
336 2533 450 2609 πρῶτα
470 2521 524 2589 ἐπὶ
541 2535 654 2610 πρῶτα
672 2526 1022 2607 πολλαπλασιαζόμενα
1042 2525 1145 2590 ἐποίει
1209 2527 1214 2538 “

128 2631 279 2716 δεύτερα,
297 2628 352 2696 καὶ
371 2636 498 2716 εἴρηται
517 2631 568 2695 ότι
587 2630 605 2696 ό
624 2630 783 2716 μερισμὸς
802 2628 903 2695 οὐδέν
921 2628 1012 2695 ἐστιν
1031 2629 1145 2716 ἕτερον

128 2736 149 2820 ἢ
182 2737 265 2802 κατὰ
298 2727 415 2822 βάθος
443 2737 760 2820 πολλαπλασιασμοῦ
796 2759 887 2814 τινος
922 2740 1049 2822 θεωρία
1085 2747 1146 2803 τοῦ

128 2845 355 2926 γεννήσαντος
375 2845 435 2909 τὸν
458 2847 684 2929 μεριζόμενον,
707 2841 764 2909 καί
786 2843 837 2908 ὅτι
858 2847 1001 2929 μερίζειν
1020 2843 1089 2910 ἐστὶ
1107 2847 1145 2910 τὸ

129 2950 296 3035 εὑρίσκειν
315 2950 462 3035 ἀριθμόν
481 2975 556 3016 τινα
575 2949 612 3028 ὃς
629 2955 997 3036 πολλαπλασιαζόμενος
1015 2948 1069 3017 ἐπὶ
1087 2952 1146 3017 τὸν
1161 2975 1187 3016 νε

128 3051 206 3142 παρ’
233 3056 274 3122 ὃν
299 3060 427 3140 γίνεται
455 3057 473 3124 ὁ
501 3059 675 3144 μερισμός,
703 3061 834 3142 ποιησει
860 3060 898 3124 τὸ
925 3068 993 3124 τῶν
1020 3063 1147 3144 μεριζο-

130 3163 242 3248 μένων
265 3160 355 3242 εἶόός
381 3187 416 3229 τε
443 3162 499 3229 καὶ
526 3169 656 3248 πλῆθος
682 3175 749 3231 τῶν
777 3168 912 3252 μορίων.
955 3167 1010 3240 όιά
1039 3168 1080 3250 δὴ
1108 3168 1148 3230 τά

7 3325 9 3332 ,
131 3272 216 3336 αάτά
237 3270 294 3337 καὶ
315 3273 410 3356 τρίτα
432 3273 522 3356 παρά
547 3272 685 3357 δεύτερα
703 3275 898 3358 μεριζόμενα
916 3283 1030 3358 πρῶτα
1048 3283 1146 3356 ποιεί,

132 3375 203 3443 ἐπεὶ
225 3376 281 3444 καὶ
305 3377 443 3463 δεύτερα
466 3375 520 3443 ἐπὶ
542 3388 655 3462 πρῶτα
678 3381 1026 3464 πολλαπλασιαζόμενα
1054 3382 1148 3465 τρίτα

110 3687 112 3694 Ι
204 3612 351 3662 1τιοιοῦοι
369 3606 401 3662 Α.
457 3612 492 3661 25
511 3607 560 3663 τὸν
578 3607 611 3679 Α,
630 3607 662 3663 τὸ
681 3609 711 3662 Β.
759 3613 792 3663 27
813 3581 931 3679 μορίων]
951 3596 978 3679 β.
997 3608 1054 3664 ΑΒ.

1216 3748 1254 3755 ...-
