2578 3984
233 217 282 272 DE
301 216 515 272 D10PHANTO
533 215 758 272 TESTIMOMA
775 216 960 274 VETERUM.
1062 216 1104 280 73

84 487 259 572 Anonymi
276 488 510 573 prolegomena
523 488 558 551 in
572 487 850 553 Introductioncm
865 487 1103 554 arithmeticam

502 591 694 659 Nicomachi

299 716 345 785 (ax
363 715 491 770 Parisino
509 714 605 770 codice
623 721 702 784 23⁷2,
720 715 758 770 fo.
773 716 899 784 54-56).

400 875 499 964 Περὶ
523 877 794 963 ἀριθμητικῆς.

151 1015 370 1104 ’Λριθμητική
403 1019 495 1086 ἐστιν
522 1019 682 1104 ἐπιστήμη
714 1021 901 1104 θεωρητικὴ
932 1030 1000 1085 τῶν
1027 1018 1102 1105 περὶ
1130 1044 1143 1084 τ

84 1125 257 1211 ἀριθμούς
290 1129 545 1211 συμβαινόντων
579 1128 661 1192 κατοί
692 1151 728 1193 τε
760 1129 800 1192 τὰ
831 1129 944 1212 πλήθη
976 1126 1032 1193 καὶ
1063 1130 1103 1193 τὰ

84 1233 161 1317 εῖδη
190 1231 246 1297 καὶ
273 1236 353 1310 τοὺς
382 1236 504 1318 λόγους
535 1234 660 1317 αὑτῶν,
694 1236 742 1299 ἔτι
774 1230 812 1299 δὲ
840 1233 1017 1320 διαιρέσεις
1048 1233 1103 1300 καὶ

86 1337 276 1417 συνθέσεις.

158 1443 238 1529 “Tan
263 1442 301 1511 δὲ
323 1445 555 1531 ἀριθμητικῆς,
576 1447 614 1512 τδ
638 1445 861 1532 διωρισμένον
883 1449 1002 1512 ποσόν·
1028 1447 1103 1533 περὶ

86 1552 180 1640 αὐτῷ
209 1555 274 1638 νδιρ
302 1555 528 1636 καταγίνεται,
561 1553 731 1637 σύγκειται
764 1549 800 1618 δὲ
828 1552 862 1633 ἐξ
889 1553 1021 1637 ἀμερῶν
1048 1554 1103 1621 καὶ
1118 1579 1143 1619 ιο

86 1659 271 1743 ἐλαχίστων
302 1660 365 1743 τὴν
394 1660 501 1744 τομὴν
530 1657 719 1745 ὡρισμένην
751 1657 909 1744 ἐχόντων·
942 1662 1103 1745 λαμβάνει

87 1763 127 1831 δὲ
163 1767 302 1850 ταύτην,
340 1766 401 1851 οὐχ
439 1767 483 1843 ὡς
519 1763 742 1849 ὑποκειμένην
777 1766 849 1831 τινδι
882 1764 937 1831 καὶ
972 1768 1103 1846 πάντως

85 1871 307 1958 ὑπάρχουσάν
324 1894 402 1956 που,
426 1869 499 1938 ἀλλ’
518 1873 563 1950 ὡς
580 1873 663 1957 πρὸς
683 1871 847 1938 ὑπόνοιαν
865 1896 900 1939 τε
924 1867 1030 1940 οὑσαν
1048 1874 1103 1940 καλ

85 1981 149 2064 την
172 1983 292 2063 νόησιν
315 1981 359 2065 μὴ
382 1980 653 2065 ὑποφεύγουσαν.

154 2091 343 2171 Διαιρεῖται
371 2083 408 2152 δὲ
436 2086 457 2170 ἡ
485 2087 686 2172 ἀριθμητικὴ
715 2096 848 2173 πρῶτον
875 2083 937 2171 μέν
967 2089 1013 2164 είς
1041 2091 1103 2173 τὴν
1118 2113 1143 2153 15

86 2205 156 2260 τῶν
180 2191 345 2259 ἐπιπέδων
367 2190 423 2258 καὶ
447 2204 590 2278 στερεῶν
612 2196 775 2280 θεωρίαν·
805 2191 870 2260 είσὶ
893 2191 931 2259 δὲ
954 2194 1103 2262 ἐπίπεδοι

88 2299 149 2386 μὲν
173 2301 210 2366 oi
229 2299 294 2366 ὑπὸ
318 2301 381 2366 δύο
405 2299 560 2387 ἀριθμῶν
577 2303 951 2385 πολλαπλασιαζόμενοι,
976 2302 1103 2387 στερεοὶ

88 2405 125 2473 δὲ
150 2408 186 2474 ολ
205 2408 288 2472 κατδι
310 2410 390 2484 τοὺς
411 2410 748 2492 πολλαπλασιασμοὺς
769 2407 827 2484 τὰς
844 2418 932 2493 τρεῖς
951 2407 1104 2492 αὐξήσεις

88 2517 234 2600 ἔχοντες·
258 2508 327 2580 εἶτα
350 2513 556 2600 ποιησαμένη
579 2518 715 2592 πλείους
737 2515 902 2598 διαφορὰς
924 2513 1104 2600 ἐπιτερπῶς

87 2619 164 2708 περὶ
182 2622 303 2698 ταύτας
320 2625 537 2687 ποικίλλεται·
560 2623 673 2688 διττοῦ
693 2619 730 2686 δέ
750 2623 846 2698 ὄντος
863 2628 925 2686 τοῦ
944 2620 1103 2706 ἀριθμοῦ,
1117 2646 1143 2685 ιο

87 2737 149 2794 τοῦ
181 2724 242 2812 μὲν
274 2737 335 2793 τοῦ
367 2737 584 2814 μετροῦντος,
615 2739 676 2795 τοῦ
709 2725 746 2793 δὲ
776 2736 836 2794 τοῦ
866 2725 1103 2812 μετρουμένου,

88 2826 178 2922 (οἷον
197 2833 215 2899 ὁ
235 2849 264 2917 ῑ,
294 2837 326 2900 εί
346 2831 407 2919 μὲν
427 2833 506 2901 δέκα
525 2835 668 2919 μονοίδες
686 2831 739 2919 ἦν,
762 2845 882 2920 μετρεῖ,
907 2836 939 2899 εί
956 2831 993 2900 δὲ
1012 2833 1103 2918 δέκα,

90 2942 121 3006 εί
136 2940 242 3024 τύχοι,
263 2939 344 3018 ξύλα
362 2939 383 3025 ἢ
403 2938 482 3006 δέκα
500 2941 604 3028 πυροί,
624 2941 817 3028 μετρεῖται),
838 2942 960 3018 σκοπὸς
979 2940 1019 3007 δέ
1035 2940 1104 3007 ἐστι

6 3115 7 3120 ,
88 3056 127 3132 τῇ
151 3045 351 3133 προκειμένη
378 3050 586 3134 πραγματεία
613 3046 688 3134 περὶ
716 3057 776 3114 τοῦ
805 3056 1005 3134 μετροῦντος
1034 3050 1104 3114 δια-

89 3157 205 3238 λαβεῖν
229 3154 392 3240 ἀριθμοῦ·
419 3155 479 3219 τὸν
502 3156 565 3240 γὰρ
589 3155 815 3239 μετρούμενον
838 3154 986 3240 ἀριθμὸν
1008 3159 1103 3222 Διό·
1117 3179 1142 3218 ιτ

90 3285 239 3347 φαντος
266 3260 303 3327 έν
330 3270 401 3337 τοῖς
429 3259 507 3327 δέκα
536 3259 590 3328 καὶ
617 3259 727 3348 τρισὶν
750 3261 1025 3345 αὑτοῦεβιβλιόις
1047 3272 1104 3347 τῆς

89 3369 310 3454 ἀριθμητικῆς
336 3369 581 3452 παραδίδωσιν·
610 3368 628 3435 ὁ
655 3366 717 3452 μέν
741 3362 804 3434 οὑν
827 3368 949 3445 σκοπὸς
970 3376 1017 3457 τῷ
1040 3372 1104 3434 Νι-

7 3517 9 3526 ‚
88 3475 221 3565 κομοίχςο
249 3475 309 3539 τὸν
336 3483 522 3559 μετροῦντα
549 3474 697 3561 ἀριθμὸν
726 3475 951 3560 παραδοῦναι,
980 3472 1036 3540 καὶ
1062 3476 1102 3559 δὴ

89 3582 126 3648 ἐν
148 3585 338 3668 προοιμίοις
361 3581 466 3658 εὐθὺς
483 3591 544 3647 τοῦ
563 3585 698 3666 βιβλίου
716 3583 775 3649 τὸν
795 3583 921 3649 σκοπὸν
939 3584 1103 3667 πρότερον
