2570 3988
168 153 261 207 XVIII
536 153 814 207 PROLEGOMENA.

170 316 306 381 credam.
339 314 390 380 Sic
404 315 561 381 Eutocius
579 315 675 380 nobis
695 317 834 398 quatuor
848 312 1041 380 (lonicorum
1060 316 1188 398 priores

167 423 270 487 libros
295 423 444 506 servavit,
468 421 522 487 sed
546 422 794 506 posteriores,a
818 422 934 504 quibus
957 444 1086 486 manum
1114 423 1189 487 abs-

167 529 276 606 tinuit,
300 529 528 613 desideramus,
552 533 585 592 ct
607 529 692 592 sieut
710 527 929 611 Apolloniano
955 550 1068 592 manco
1094 529 1188 612 operi

169 635 209 700 ad
228 637 349 700 iustum
369 635 594 720 complendum
615 636 768 700 volumen
787 633 899 700 Sereni
917 635 998 699 liber
1013 633 1185 700 adiunctus

168 746 236 826 est,
278 742 567 808 Arithmetioorum
608 741 766 826 relliquiis
804 742 963 807 adnexum
1000 741 1185 806 invenimus
1273 789 1274 802 ,

167 848 316 913 libellum
335 847 386 913 Dc
401 849 565 932 polypodis
587 848 726 913 numeris
748 847 804 930 qui
827 847 958 912 maioris
982 849 1088 931 operis
1107 870 1185 931 pars
1274 847 1275 916 j

167 955 253 1019 haud
283 955 458 1020 censendus
484 959 542 1019 est.
1274 959 1275 966 ’

232 1061 313 1126 Post
342 1061 528 1146 Aegyptum
557 1060 758 1144 deperditam
791 1060 846 1124 diu
875 1061 960 1144 apud
983 1059 1184 1144 Byzantinos

167 1167 369 1251 Diophantei
400 1168 475 1232 libri
507 1189 609 1252 paene
639 1167 744 1252 ignoti
772 1171 1011 1252 remanserunt3
1044 1167 1184 1234 forsitan
1274 1165 1275 1230 Ϊ

166 1276 296 1340 unicum
330 1276 479 1339 exstabat
508 1275 686 1358 exemplar,
718 1273 802 1357 quod
831 1278 940 1338 tamen
968 1274 1072 1340 adhuc
1100 1276 1184 1340 vidit

170 1381 310 1447 Michael
334 1380 460 1446 Psallus
490 1378 538 1466 (et
566 1385 640 1444 ante
668 1402 741 1444 eum
765 1381 859 1444 oredo
883 1381 1073 1446 scholiastes
1096 1380 1183 1446 Iam-

166 1487 296 1573 blichi),
329 1488 384 1551 sed
417 1487 507 1551 cuius
540 1490 616 1570 post
650 1485 970 1569 Constantinopolim
1003 1510 1022 1551 a
1054 1486 1182 1552 Latinis
1275 1531 1276 1540 κ

166 1616 253 1658 anno
280 1594 365 1659 1204
388 1594 421 1657 vi
444 1595 573 1678 captam
596 1593 720 1656 nullum
745 1580 917 1676 vestigium
941 1593 1109 1677 reperitur.

232 1699 283 1764 Ex
301 1701 358 1764 illo
379 1699 512 1782 antiquo
532 1699 708 1782 exemplari
727 1696 776 1786 (a)
791 1698 973 1784 descriptus
988 1704 1038 1763 est
1053 1700 1180 1764 saeculo

165 1805 247 1872 VIII
271 1807 323 1870 vel
343 1805 390 1870 IX
414 1807 513 1870 codex
538 1806 619 1870 alius
644 1803 693 1890 (u)
716 1805 812 1870 hodie
837 1827 964 1890 quoque
987 1805 1180 1890 deperditus,

166 1914 222 1977 sed
252 1914 307 1997 qui
332 1935 406 1977 rere
429 1914 623 1998 proprieque
647 1915 833 1977 nostrorum
857 1913 1053 1997 archetypus
1077 1912 1181 1977 nomi·
1276 1959 1277 1992 ,

165 2020 292 2085 naudus
317 2023 374 2085 est.
407 2019 512 2084 Huius
537 2019 655 2085 codicis
679 2023 768 2083 aetas
793 2018 919 2083 deliniri
941 2023 1058 2102 potest,
1081 2041 1179 2103 quum
1277 2003 1278 2028 ³

164 2128 198 2190 in
222 2126 411 2190 fidelissimo
434 2126 623 2212 apographo
642 2124 826 2190 Matritensi
844 2126 886 2191 48
912 2148 993 2191 saec.
1012 2124 1093 2190 XIII
1114 2126 1181 2191 iota

167 2233 366 2317 adscriptum
395 2236 581 2297 constanter
610 2234 811 2316 observetur,
839 2232 905 2296 imo
929 2238 1042 2297 contra
1066 2254 1179 2299 omnes

120 2358 122 2362 ’
165 2341 256 2424 leges
287 2340 403 2404 literae
427 2339 517 2403 finali
541 2363 566 2404 ω
592 2340 781 2423 plerumque
805 2339 950 2404 additum
974 2337 1022 2424 (in
1045 2339 1178 2404 vocibus

165 2450 203 2511 ut
217 2444 303 2529 λέγω
321 2443 393 2532 etc.)
409 2447 598 2531 reperiatur.
622 2446 654 2511 N
656 2468 691 2510 ee
701 2446 805 2530 magis
817 2445 1036 2510 arithmeticas
1047 2446 1180 2531 peritus,
1277 2455 1278 2480 ¹

165 2554 221 2618 sed
235 2553 347 2618 forsan
361 2554 560 2638 astrologiae
575 2552 703 2617 deditus
718 2555 788 2616 erat
801 2552 962 2616 barbarus
974 2553 1029 2616 ille
1041 2553 1178 2637 scriptor

165 2661 216 2725 cui
240 2660 465 2743 compendium
484 2665 534 2722 A²
558 2657 689 2745 (nempe
712 2656 875 2746 τετράκις)
899 2659 1036 2724 absurde
1054 2659 1089 2723 in
1110 2660 1179 2723 dru-

163 2765 361 2852 κεκριμένον
386 2763 425 2853 (I,
447 2768 523 2851 464,
546 2767 568 2830 4
592 2764 666 2849 eto.)
691 2765 790 2830 moris
814 2765 876 2830 fuit
900 2766 1032 2830 solvere.

234 2872 360 2938 Similia
382 2874 435 2938 vel
458 2875 557 2937 etiam
580 2873 684 2937 multo
708 2873 857 2956 graviora
882 2873 945 2936 alia
967 2872 1102 2937 librario
1123 2872 1177 2935 isti

164 2981 198 3045 in
222 2981 321 3064 praef.
342 2980 460 3065 prioris
483 2979 655 3043 voluminis
678 2980 742 3043 iam
766 2978 934 3062 imputavi.
968 2977 1029 3043 Sed
1053 2979 1176 3043 utinam

164 3087 244 3151 talia
282 3091 412 3151 tantum
447 3087 487 3150 ab
521 3107 558 3150 eo
592 3084 773 3171 Diophanti
805 3090 974 3151 contextus
1008 3105 1176 3169 perpessus

164 3196 250 3258 esset
264 3195 462 3276 vulneraque
477 3192 673 3256 insanabilia
687 3193 772 3258 haud
788 3194 979 3276 accepisset!
1010 3190 1177 3256 Commen-

162 3301 265 3364 tarios
290 3299 376 3363 enim
401 3298 585 3383 scholisque
609 3301 718 3364 omnia
737 3301 886 3364 omittere
907 3321 1004 3383 quum
1024 3298 1175 3362 librarius

161 3405 364 3488 instituisset,
390 3407 444 3470 sed
465 3408 556 3490 male,
580 3410 616 3471 ut
634 3407 699 3472 iam
718 3407 866 3489 diximus,
891 3406 1056 3470 distinctio
1076 3406 1176 3487 fieret,

162 3514 256 3597 plura
291 3513 411 3596 recepit
443 3535 526 3597 quae
557 3514 779 3598 relinquenda,
811 3513 903 3596 plura
936 3512 1066 3598 reliquit
1094 3533 1174 3595 quae
