2570 3988
482 199 759 253 PROLEGOMENA.
1023 195 1125 251 XXXV

182 359 287 436 Quum
316 364 425 425 autem
456 360 653 426 clarissimus
684 360 827 444 mihique
856 361 1127 426 honoratissimus

115 465 294 532 Fridericus
313 464 507 532 Hultschius
526 468 560 531 in
581 466 738 531 relatione
758 489 817 531 sua
841 467 879 532 de
902 469 1009 551 priore
1028 467 1124 533 huius

114 572 266 637 editionis
294 573 459 638 volumine
470 573 494 658 ¹)
524 596 543 638 a
571 595 622 637 me
652 574 869 656 postulaverit
896 578 935 638 ut
962 574 1124 639 variantes

112 678 271 758 lectiones
300 680 446 745 codicum
477 679 565 763 ABl
596 680 702 764 quoad
736 680 927 764 compendia
957 703 1042 746 nunc
1071 683 1124 746 ed-

113 784 236 871 derem,
268 789 344 870 post
375 787 507 873 longam
540 786 776 851 dubitationem
806 789 899 852 tanto
929 787 999 852 viro
1030 789 1127 853 satis-

111 891 219 957 facere
247 892 334 957 haud
363 892 444 957 mihi
472 893 599 957 animus
623 893 699 975 fuit,
726 892 936 979 laboremque
959 894 1125 979 inceptum

113 998 236 1063 invitus
260 999 376 1082 reliqui
398 1004 436 1064 ut
458 1021 592 1084 prorsus
615 1000 772 1080 inutilem,
795 1000 862 1064 imo
886 999 1093 1066 delusorium.

179 1105 353 1170 Innumera
393 1106 522 1190 quidem
566 1106 771 1187 testimonie,
816 1111 854 1170 ut
895 1107 1126 1172 animadvertit

111 1211 322 1293 Hultschius‚
354 1235 393 1277 ex
423 1197 663 1278 mathematicis
695 1213 859 1277 codicibus
892 1214 1123 1299 manuscriptis

111 1318 219 1383 efferri
246 1323 397 1403 possunt,
425 1340 557 1384 casuum
580 1319 695 1383 finales
722 1320 866 1403 syllabas
894 1341 952 1404 per
975 1341 1123 1404 compen-

111 1425 164 1490 dia
186 1430 317 1492 notatas
345 1429 459 1509 postea
483 1449 502 1490 a
525 1426 669 1491 librariis
694 1426 778 1490 male
803 1425 927 1490 solutas
952 1448 1035 1510 esse3
1064 1447 1122 1491 nee

110 1533 213 1619 igitur
232 1554 271 1597 ex
289 1533 415 1597 mendis
433 1532 618 1597 istiusmodi
637 1533 740 1597 evinci
763 1536 873 1616 potest
893 1534 929 1598 in
947 1532 1123 1616 archetypo

112 1662 247 1706 casuum
265 1639 372 1718 nullas
391 1642 485 1704 notas
500 1639 610 1704 fuisse.
641 1637 702 1704 Sed
719 1640 774 1722 qui
791 1639 988 1724 exemplaria
1007 1659 1124 1724 graeca

111 1768 241 1812 versare
264 1749 436 1811 consuetus
460 1751 523 1828 est,
552 1766 647 1809 nemo
670 1745 805 1830 negabit
827 1749 923 1810 notas
947 1746 1021 1810 illes
1044 1745 1124 1810 fina-

110 1853 191 1918 lium
214 1853 248 1917 in
271 1853 503 1917 recentioribus
528 1852 692 1917 codicibus
716 1851 813 1936 vulgo
837 1851 989 1936 inveniri,
1016 1853 1050 1915 in
1074 1874 1125 1916 ve·
1168 1925 1179 1948 ο

109 1960 304 2025 tustioribus
332 1980 487 2042 persaepe
516 1959 624 2024 omitti
633 1955 669 2044 ²).
720 1953 992 2042 Compendiorum
1023 1959 1124 2043 dupli-

111 2066 197 2132 catio
223 2067 258 2130 in
286 2065 406 2150 plurali
428 2086 563 2129 numero
587 2069 672 2129 certe
696 2087 828 2130 casuum
851 2066 1019 2130 notatione
1044 2067 1125 2130 ant'-

111 2173 204 2257 quior
228 2176 278 2237 est
300 2175 333 2236 et
352 2195 371 2236 a
389 2170 580 2255 Byzantinis
602 2171 746 2235 librariis
769 2192 887 2255 parum
910 2172 1034 2235 utiliter
1059 2195 1121 2236 ser-

109 2284 185 2344 vata
213 2283 387 2363 postquam
416 2278 563 2342 finalium
587 2277 709 2342 additio
733 2300 803 2342 mos
832 2278 1029 2343 inveteratus
1052 2279 1123 2344 fuit.

176 2384 362 2470 Proponam
390 2385 491 2470 igitur
519 2407 559 2449 ex
586 2385 697 2449 critico
725 2384 852 2468 prioris'
872 2385 1045 2450 voluminis
1069 2408 1123 2470 ap-

108 2497 227 2578 paratu
250 2492 337 2557 haud
360 2514 463 2575 pauca
487 2513 568 2576 quae
592 2489 766 2556 manifesto
790 2494 953 2555 testantur
973 2513 1122 2575 compen-

110 2600 164 2664 dia
190 2598 290 2664 nullis
313 2599 458 2662 finalium
486 2598 575 2663 notis
604 2597 732 2661 munita
755 2618 774 2660 a
797 2596 938 2660 librariis
964 2597 1014 2660 vel
1038 2598 1122 2660 male

109 2709 217 2772 soluta
240 2705 290 2770 vel
315 2710 442 2769 servata
465 2727 544 2769 esse.

175 2813 302 2876 Pluries
334 2833 392 2896 pro
422 2808 478 2875 καὶ
505 2811 670 2877 scilicets
698 2809 750 2874 vel
775 2805 802 2876 s*
832 2808 995 2874 iuvenitur
1024 2807 1120 2894 ἀριθ-

108 2929 188 3004 μοῦ,
219 2920 296 2997 168,
320 2919 354 3001 63
386 2917 548 3002 ἀριθμὸν,
579 2917 656 2999 192,
684 2916 737 2998 113
770 2915 849 2998 198,
871 2914 926 2996 153
960 2916 1038 2998 212,
1064 2917 1121 3001 203

108 3028 184 3107 216,
198 3027 255 3108 233
279 3026 377 3089 etiam
397 3023 562 3108 ἀριθμῶν,
583 3023 702 3104 98,11.
740 3020 823 3085 Item
843 3042 881 3084 ex
901 3037 921 3087 ς
938 3030 972 3085 u⁰
992 3025 1020 3105 ζ,
1045 3024 1120 3106 390,

109 3135 139 3218 3,
156 3135 192 3218 4,
215 3137 323 3197 ortum
347 3135 397 3195 est
418 3130 572 3214 ἀριθμῶν
595 3114 640 3207 a}

175 3238 408 3322 Compendium
437 3238 470 3304 a
500 3237 585 3319 quod
614 3235 774 3299 defectum
804 3234 967 3318 significat
996 3240 1028 3299 et
1053 3235 1121 3318 ple-

180 3488 206 3552 1)
225 3484 353 3538 neriae
366 3483 463 3552 pauor.
479 3480 677 3549 uocauere,
697 3485 738 3536 aa
752 3450 818 3534 Ju'ni
838 3485 917 3535 1894.

180 3575 207 3642 2)
226 3571 307 3638 Quod
323 3571 354 3624 in
373 3570 469 3625 codice
487 3571 514 3625 A
533 3569 682 3625 observare
700 3568 775 3624 licet.

923 3655 958 3707 C*

1190 3634 1247 3656 A
