2578 3984
366 232 616 288 PACHYMERAE
636 233 892 290 PARAPHRASIS.
1095 233 1138 299 85

191 410 240 462 κς.
273 391 364 459 Ἐπεί
388 393 426 460 δέ
448 402 585 462 πλείστα
612 399 787 482 συμβαίνει
815 400 971 480 γίνεσθαι
994 401 1138 484 προβλή-

124 523 210 584 ματα
238 499 455 587 ἀριθμητικοί,
483 502 566 587 ήξ
533 502 566 581 ἐξ
593 503 757 588 ὑπεροχῆς
783 513 841 588 τῆς
867 505 951 588 πρὸς
974 504 1139 588 ἀλλήλους

122 610 203 685 τοὺς
226 607 402 694 ἀριθμούς,
426 608 446 693 ή
466 609 501 674 ἐκ
519 615 850 782 πολλαπλασιασμοῦί
855 609 912 695 ή
895 610 1011 696 ετέρου
1032 613 1138 694 λόγου

121 722 183 780 τοῦ
206 716 289 800 πρὸς
312 714 490 799 ἀλλήλους,
513 714 652 800 ήκαί
636 717 833 782 εκάστουίδ
835 716 990 804 ίμήκαί
1014 720 1138 802 μίγδην

122 820 333 907 ἀμφοτέρων,
358 823 515 906 δηλονότι
538 821 611 900 έξ“
597 831 759 906 υπεροχής
781 821 836 887 καὶ
857 823 1013 906 λόγου,“
994 849 1015 908 η
1035 827 1138 906 λόγου
1165 846 1179 886 ε

121 926 179 993 ιιαί
203 931 355 1008 λείψεως,
386 927 406 1012 ή
430 929 594 1013 ὑπεροχῆς
616 927 672 993 καί
696 933 1028 1014 πολλαπλασιασμοῦ,
1057 929 1138 1015 φέρε

121 1032 178 1099 ιιαλ
201 1033 277 1115 περὶ
300 1036 429 1100 τούτων
454 1035 499 1112 ὡς
522 1034 558 1100 ἐν
581 1036 673 1123 τύπῳ
698 1035 908 1120 διαλάβωμεν
926 1035 982 1101 καὶ
1004 1048 1138 1120 πρῶτον

122 1139 199 1224 περὶ
222 1152 290 1206 τῶν
314 1142 347 1220 ἐξ
370 1141 546 1226 ὑπεροχῆς·
571 1134 645 1207 οἷον
665 1143 725 1208 τὸν
748 1141 968 1228 έπιταχθέντα
991 1143 1139 1230 ἀριθμὸν

123 1248 248 1314 διελεῖν
281 1248 318 1313 έν
347 1249 493 1334 ὑπεροχῇ
525 1250 619 1333 τῇδε,
653 1249 708 1315 ίνα
742 1251 897 1334 δηλονότι
929 1261 996 1315 τῶν
1027 1261 1138 1335 μερῶν

121 1355 269 1439 θάτερον
292 1354 439 1440 θατέρου
462 1354 617 1440 ὑπερέχοι
640 1357 727 1446 τῷδε
749 1359 794 1444 τῷ
819 1357 963 1444 ἀριθμῷ.
1152 1379 1179 1418 ιο

182 1460 255 1527 Ὅτε
277 1471 362 1545 χοῦν
385 1485 435 1538 τις
458 1461 603 1548 ἀριθμὸς
631 1463 719 1547 δοθῇ
741 1462 797 1528 καὶ
822 1463 1051 1548 ε’πιταχθῶμεν
1075 1465 1138 1528 διε-

122 1572 196 1632 λεῖν
220 1567 323 1634 αὐτὸν
346 1568 393 1643 είς
416 1566 479 1631 δύο
503 1565 671 1651 ἀριθμοὺς
694 1568 731 1633 έν
754 1567 899 1652 ὑπεροχῇ
923 1575 962 1652 τῇ
987 1569 1137 1654 δοθείση,

123 1666 199 1740 οἷον
221 1674 303 1760 φέρε
326 1675 385 1739 τὸν
408 1683 430 1755 ρ
453 1671 490 1737 έν
508 1673 654 1758 ὑπεροχῇ
676 1681 722 1763 τῷ
745 1677 780 1757 οἱ,
804 1674 985 1759 ὀφείλομεν
1006 1675 1138 1753 ὑπεξαι-

123 1793 196 1862 ρεϊν
221 1781 256 1846 ἐκ
279 1791 346 1847 τῶν
368 1783 390 1864 ρ
413 1781 475 1864 τήν
500 1781 662 1846 δοθεῖσαν
685 1781 868 1868 ὑπεροχήν,
897 1783 1054 1865 δηλονότι
1079 1784 1138 1848 τὸν

122 1890 159 1972 ιτ,
187 1887 242 1953 καὶ
264 1891 324 1954 τὸν
347 1885 613 1970 ἀπολειφθέντα
636 1888 784 1975 ἀραθμὸν
808 1891 951 1973 διαιρεῖν
976 1892 1066 1976 δίχα,
1095 1891 1139 1968 ὡς
1156 1912 1178 1952 15

124 1995 272 2061 ἐνταῦθα
290 1998 350 2062 τὸν
368 1998 392 2061 π
411 1997 458 2071 είς
476 2021 499 2081 μ
516 1992 572 2060 καί
593 1998 633 2080 μ,
652 1994 708 2061 καί
727 1999 837 2062 ἔπειτα
858 1995 907 2062 ένί
926 1995 1018 2082 μέρει
1037 2014 1139 2082 προσ-

120 2101 255 2167 τιθέναι
273 2103 336 2186 τήν
349 2103 528 2189 ὑπεροχήν,
547 2103 592 2180 ὡς
614 2103 763 2170 ἐνταῦθα
776 2113 822 2192 τῷ
842 2108 865 2187 μ
883 2105 943 2170 τὸν
956 2108 987 2187 ιἰ,
1008 2104 1093 2189 ὁμοῦ
1108 2105 1138 2184 ξ·

122 2207 267 2294 διῃρέθη
291 2213 408 2275 τοίνυν
431 2209 449 2274 δ
473 2213 494 2291 ρ
518 2211 566 2287 είς
589 2213 605 2288 ξ
628 2209 683 2275 καὶ
707 2216 730 2295 μ
753 2210 809 2277 καὶ
835 2215 925 2276 ἔστιν
948 2211 968 2294 ή
992 2211 1137 2295 ὑπεροχή

120 2324 183 2381 τοῦ
206 2318 222 2395 ξ
245 2317 328 2400 πρὸς
350 2318 410 2382 τὸν
432 2319 471 2401 μ,
485 2319 521 2399 ιἰ,
544 2315 600 2381 καὶ
623 2319 660 2383 τὸ
687 2313 864 2402 ἐπιταχθέν
888 2315 1028 2400 ἐγένετο.

193 2427 300 2489 Τοῦτο
328 2422 381 2489 έπί
408 2425 543 2490 πάντων
572 2423 626 2488 καὶ
655 2419 704 2489 ἐπ’
727 2424 838 2488 αὐτῶν
867 2425 907 2507 δή
935 2425 1065 2489 τούτων
1093 2425 1136 2508 μή
1153 2446 1179 2484 εο

122 2527 315 2614 δεχομένων
338 2533 459 2615 τομήν,
487 2537 578 2614 είπερ
607 2533 713 2615 μόνον
737 2531 842 2614 μονάς
867 2531 1036 2613 διαιρεθῇ·
1064 2521 1138 2595 οἷον

122 2636 418 2721 ἑπιταττόμεθα
387 2661 448 2702 τον
467 2642 509 2722 κβ
529 2639 652 2703 διελεῖν
671 2636 742 2702 ἐν*
725 2643 872 2723 υπεροχῇ
890 2634 1038 2721 θατέρου
1055 2639 1138 2722 πρὸς

118 2744 269 2828 θάτερον
291 2751 337 2831 τῷ
365 2762 399 2826 χ
428 2742 561 2827 ἀφαιρῶ
589 2743 651 2826 τήν
673 2743 843 2842 ὑπεροχήν
871 2743 931 2806 τὸν
958 2766 994 2825 χ,
1023 2741 1138 2807 ἐναπε-

121 2853 314 2934 λείφθησαν
343 2857 394 2916 νθ
422 2859 526 2915 ταῦτα
550 2852 739 2933 διαιρῶείς
766 2848 836 2926 θλ’
855 2848 911 2915 καί
929 2848 1012 2926 θί,’·
1034 2867 1136 2932 προο-

118 2959 239 3040 τίθημι
275 2964 320 3043 τφ
353 2953 425 3032 δί’
448 2957 508 3020 τὸν
531 2982 567 3040 χ,
596 2957 681 3040 ὁμοῦ
705 2960 739 3040 ιβ
753 2954 797 3032 L'·
826 2955 953 3040 ἐτμήθη
978 2957 1095 3020 τοίνυν
1118 2955 1178 3018 ὅτε

118 3065 213 3148 κβί
182 3087 196 3128 ε
213 3088 229 3140 ς
249 3060 323 3146 ιβᾙ
337 3061 393 3127 καὶ
412 3068 438 3127 θ
448 3059 489 3144 L,
508 3060 659 3146 υπερέχει
679 3060 753 3127 δ
774 3061 847 3146 ιβί’
864 3072 924 3127 τοῦ
943 3059 1008 3139 θλ,
1009 3111 1019 3145 ,
1034 3064 1136 3146 τρισί·

118 3167 175 3236 καλ
200 3167 251 3234 ἀεὶ
274 3168 327 3234 ἐπὶ
350 3170 486 3235 πάντων
510 3167 597 3233 οὑτω
621 3172 796 3254 γενήσεται
819 3169 1046 3253 ἀπαραβάτως.

187 3279 232 3355 κζ.
274 3277 321 3340 Τά
346 3272 383 3340 δέ
407 3271 459 3339 ἐπὶ
482 3279 810 3359 πολλαπλασιασμοίς
832 3275 1034 3362 ἀριθμητικὰ
1056 3295 1137 3359 προ-

120 3387 271 3469 βλήματα
293 3385 429 3468 ἔχουσιν
448 3382 563 3464 οὕτως,
588 3384 619 3447 εί
641 3381 894 3466 ἐπιταττοίμεθα
912 3383 972 3447 τὸν
991 3380 1137 3448 δοθέντα

193 3547 260 3609 lsq.
284 3539 324 3596 cf.
339 3541 360 3609 Ι,
374 3546 400 3608 4,
416 3544 511 3594 7-10.
586 3545 618 3593 11
631 3558 670 3609 sq.
690 3538 791 3608 Dioph.
806 3538 896 3608 probl.
911 3539 932 3607 Ι,
948 3545 972 3594 1.

119 3619 154 3669 28
165 3630 207 3682 sq.
226 3611 328 3682 Dioph.
347 3611 436 3681 probl.
451 3611 472 3681 Ι,
489 3617 512 3665 2.
