2570 3988
289 247 523 303 DIOPHANTUS
541 246 897 305 PSEUDEPIGRAPHUS.
1059 249 1102 313 27

0 423 40 471 :7
143 410 253 477 Ἔστω
286 412 527 495 δωδεκοίγωνου
553 410 609 477 καὶ
640 411 739 498 ἐχέτω
771 414 833 497 τὴν
862 412 1039 498 διάμετρον
1066 415 1102 478 a·

82 519 198 603 εὑρεῖν
222 519 327 584 αὐτοῦ
350 520 411 604 τὴν
434 519 590 603 πλευράν.
626 530 712 585 ποιῶ
736 519 861 596 οὕτως’.
877 519 1018 583 ποίντοτε
1041 521 1102 603 τὴν

83 626 267 710 διάμετρον
289 625 474 710 τρισσώκις,
496 629 649 708 γίνονται
673 628 689 705 5
699 647 706 660 ·
740 627 814 708 ώρτι
837 629 1025 703 καθολικῶς
1047 651 1103 712 με-

29 759 53 766 -
82 735 178 817 ρίζω·
203 726 252 796 ὧν
275 731 475 813 δωδέκατον,
497 741 523 797 Ξ.
568 742 732 798 τοσοῦτον
754 731 775 815 ἡ
798 731 934 813 πλευραί.

0 851 43 900 εδ
150 834 229 903 Ἐὰν
249 836 286 903 δδ
309 838 411 924 θίλχς
434 839 496 922 τὴν
514 839 694 924 διάμετρον
713 839 824 923 εὑρεῖν
843 839 906 903 ἀπὸ
925 847 983 922 τῆς
1003 843 1101 904 πλευ-
1130 864 1143 904 5

82 955 157 1030 ρᾶς,
176 948 265 1010 ποίει
283 947 321 1010 τὸ
340 945 505 1011 ἀνάπαλιν
525 945 644 1024 οὑτως·
662 948 725 1030 τὴν
742 947 891 1029 πλευρὰν
911 945 1102 1031 δωδεκάκις,

81 1056 237 1135 γίνονται
262 1037 292 1130 5·
314 1050 370 1117 καὶ
388 1055 507 1138 μερίζω
526 1058 728 1130 καθολικῶς·
748 1047 795 1118 ὧν
813 1056 937 1138 τρίτον,
956 1055 985 1118 ιἰ.
1019 1056 1102 1119 ἔστω

82 1167 248 1224 τοσοῦτον
270 1159 291 1243 ἡ
316 1159 501 1244 διάμετρος.

7 1277 43 1324 :9
148 1260 286 1350 Ὁμοίως
313 1263 368 1330 καὶ
391 1263 444 1330 ἐπὶ
468 1266 667 1350 οίουδήποτε
688 1266 905 1350 πολυγώνου,
932 1266 990 1332 ἐὰν
1015 1268 1102 1352 δοθῇ

84 1388 141 1436 σοι
163 1371 184 1455 ἡ
209 1371 398 1458 διάμετρος,
426 1373 567 1438 πάντοτε
595 1378 783 1449 καθολικῶς
807 1376 1017 1456 τριπλασίαζε
1040 1376 1102 1457 τὴν
1117 1401 1143 1440 10

84 1478 279 1565 διάμετρον,
307 1477 363 1544 καὶ
390 1481 430 1544 τδι
459 1477 669 1564 συναχθέντα
693 1478 802 1564 μίριζε
830 1482 920 1566 παρὰ
942 1483 1004 1564 τὴν
1027 1481 1103 1545 ὀνο-

83 1590 209 1670 μασιάν
228 1597 295 1652 τῶν
313 1586 531 1670 πολυγώνων,
558 1584 613 1651 καὶ
632 1585 715 1664 ἔξεις
732 1587 794 1670 τὴν
812 1589 961 1671 πλευρὰν
984 1597 1103 1653 τοσοῦ-

83 1716 145 1758 τον
169 1693 420 1777 ἀποφήνασθαι.

6 1811 45 1860 40
150 1795 228 1864 Ἐὑν
261 1797 299 1864 δὲ
331 1800 395 1866 ἀπὸ
426 1810 486 1885 τῆς
511 1805 657 1884 πλευροῖς
684 1799 796 1886 εὑρεῖν
822 1802 885 1884 τὴν
913 1801 1103 1886 διάμετρον,

83 1910 173 1972 ποίει
195 1908 233 1972 τὸ
257 1906 423 1972 ἀνάπαλιν
447 1907 568 1984 οὑτως·
591 1908 732 1972 πάντοτε
753 1907 815 1991 τὴν
833 1909 982 1994 πλευρὰν
1000 1914 1102 1974 πολυ-
1118 1933 1143 1972 15

83 2017 242 2092 πλασίαζε
265 2012 318 2078 ἐπὶ
336 2015 398 2098 τὴν
417 2013 601 2099 ὀνομασίαν
619 2024 687 2078 τῶν
705 2015 926 2097 πολυγώνων·
951 2006 1025 2080 οἷον
1044 2014 1103 2080 ἐὰν

83 2113 479 2208 ᾗ<τρισκαιδεκώγωνον,
501 2123 611 2204 ποίει)
634 2120 898 2204 τρισκαιδεκώκις
921 2123 982 2206 τὴν
1005 2126 1104 2188 πλευ-

84 2230 160 2313 ροίν,
183 2225 302 2293 καὶτὰ
325 2226 537 2311 συναχθέντα
560 2225 668 2313 μέριζε
690 2232 887 2310 καθολικῶς,
912 2221 960 2293 ὧν
977 2225 1024 2311 γ’,
1047 2225 1103 2293 καὶ

85 2335 168 2416 ἔξεις
189 2336 252 2419 τὴν
276 2335 464 2420 διάμετρον.

14 2451 47 2501 41
146 2438 286 2527 Ὁμοίως
306 2437 342 2506 δὲ
361 2438 417 2506 καὶ
436 2437 489 2505 ἐπὶ
507 2449 574 2505 τῶν
589 2441 700 2506 ίίλλων
714 2439 853 2525 τῇαὺτῇ
873 2441 1009 2528 μεθόδῳ
1024 2453 1102 2527 χρῶ.
1117 2467 1144 2506 το

13 2664 48 2712 42
420 2652 520 2739 Περὶ
542 2654 770 2739 κυλίνδρου.

55 2816 73 2853 a
150 2793 314 2875 Ἀπέδειξε
341 2794 396 2861 καὶ
424 2796 571 2862 ἐνταῦθα
596 2791 794 2881 Ἀρχιμήδης
824 2795 874 2860 ὅτι
902 2795 1004 2880 ὅνπερ
1037 2798 1104 2880 ἔχει

86 2906 189 2986 λόγον
217 2903 235 2968 ὁ
263 2905 384 2981 κύκλος
410 2905 493 2989 πρὸς
521 2904 558 2968 ιδ
585 2904 797 2988 τετράγωνον
824 2902 861 2966 τὸ
891 2899 967 2984 περὶ
1000 2902 1104 2968 αὑτὸν

86 3013 388 3096 περιγραφόμενον,
406 3011 465 3075 τὸν
484 3010 587 3075 αὑτὸν
606 3012 709 3093 λόγον
729 3006 868 3093 ἔχεικαὶ
887 3009 905 3074 ὁ
924 3010 1104 3095 κύλινδρος

85 3117 168 3203 πρὸς
190 3118 250 3182 τὸν
273 3117 379 3200 κύβον
401 3117 461 3182 τὸν
483 3115 678 3201 περιέχοντα
703 3115 806 3180 αὐτὸν
829 3114 884 3180 καὶ
908 3121 981 3192 ίσας
1004 3121 1102 3181 πλευ·
1117 3139 1143 3180 τι

158 3315 192 3378 37
208 3336 241 3356 =
257 3308 413 3378 Geep.160.
433 3340 467 3349 -
486 3312 521 3363 38
536 3335 570 3355 =
585 3309 671 3377 Geep.
682 3313 742 3363 161.
758 3339 791 3348 -
807 3313 840 3362 39
851 3335 885 3354 =
896 3307 981 3377 Geep.
993 3314 1053 3364 162.
1069 3340 1103 3349 -

86 3386 121 3435 40
136 3407 170 3427 =
186 3379 269 3449 Goep.
287 3385 346 3435 163.
367 3411 401 3421 -
419 3384 462 3434 41.
486 3379 527 3435 cf.
544 3378 628 3450 Geep.
645 3385 704 3434 163.

87 3493 300 3500 --—-—-—-——

159 3564 192 3613 11
212 3556 493 3629 τρισκαιδεκώγωνον,
512 3559 589 3613 ποίει
607 3555 738 3626 supplevi
755 3573 789 3612 ex
803 3555 889 3627 Geep.
928 3561 1033 3613 11-18
1051 3556 1103 3626 τὴν

85 3630 211 3702 πλευρὰν
302 3625 341 3685 ὧν
359 3629 388 3701 γ’
409 3645 463 3686 om.
483 3629 568 3700 Geop.
