2570 3988
164 225 215 278 nn
543 191 820 277 Pnonneouuusss

165 387 217 452 Me
219 388 388 453 trodoreae
421 386 620 452 collectionis
643 407 744 470 usque
768 385 844 449 adt
830 385 1034 470 trigesimum
1059 387 1176 451 saltem

165 495 365 581 epigramma
389 491 479 582 (nam
503 515 584 578 quae
604 497 753 559 numerat
755 515 774 556 a
793 495 886 557 erant
872 492 957 576 131,
981 494 1032 575 34,
1057 493 1109 572 35,
1132 496 1173 560 31

166 603 334 686 deperdita
361 600 525 686 ridentur)
553 601 724 666 restituere
748 621 833 663 nunc
856 597 1094 683 perfacile,
1033 603 1094 664 est·
1068 600 1176 664 t-ad

164 712 258 794 paret
286 714 395 774 autem
424 731 443 773 0
466 707 534 772 Μο
534 708 651 772 rodoro
680 706 814 790 antiqua
842 707 1079 790 epigrammata
1102 728 1175 772 eum

163 817 398 880 recentioribus
431 815 566 880 collecta
599 813 713 894 fuisse,
746 835 804 878 nec
836 811 934 877 ullius
961 813 1175 896 problematis

164 945 237 987 eum
261 926 426 988 auctorem
450 921 633 986 indubitato
656 921 725 984 iure
749 920 905 985 declarari
928 941 1033 1004 posse.

232 1027 384 1094 Ceterum
402 1028 623 1093 Metrodoreae
649 1027 851 1092 collectionis
876 1027 999 1092 scholia
1022 1025 1077 1091 diu
1100 1031 1175 1091 ante

163 1135 342 1219 Cephalum
361 1135 481 1218 scripta
499 1133 601 1198 fuisse
620 1133 758 1197 libenter
776 1132 912 1197 credam.
945 1133 1009 1198 Pro
1029 1137 1176 1218 tempore

162 1241 247 1305 haud
282 1242 427 1325 impurus
461 1239 614 1326 sermol);
651 1241 774 1304 auctori
806 1239 958 1304 Euclides
995 1239 1176 1324 familiaris,

161 1347 228 1413 imo
256 1347 435 1430 Diophanti
468 1347 585 1410 saltem
617 1347 742 1430 primus
770 1345 852 1410 liber
878 1350 976 1410 notus
1005 1349 1063 1410 est.
1110 1345 1175 1412 Our

161 1454 346 1519 Metrodoro
373 1454 436 1538 ipsi
465 1454 588 1518 scholia
615 1454 671 1517 illa
700 1453 786 1516 haud
812 1453 912 1517 tribui
940 1454 1081 1536 possint,
1108 1475 1174 1519 non

161 1561 270 1645 rideo,
301 1562 492 1644 praesertim
526 1562 553 1624 si
580 1561 785 1645 problemata
812 1559 899 1623 haud
926 1561 1090 1625 invenisse
1118 1562 1173 1625 sed

162 1673 220 1752 pot
221 1669 270 1731 ius
295 1668 520 1838 compilavisse
544 1666 807 1732 iudicandust
757 1671 816 1747 est,
839 1688 877 1731 ea
896 1666 1026 1730 scholiis
1048 1667 1175 1732 munire

163 1775 233 1839 sine
271 1774 368 1840 dubio
405 1779 601 1858 potu1t,ut
633 1795 724 1837 suam
757 1716 979 1838 collectionem
1011 1777 1046 1836 01
1033 1772 1173 1838 itliorem
1284 1848 1285 1859 ,

162 1882 440 1966 acceptiorernque
463 1823 619 1945 redderet

229 1985 291 2052 Sed
320 2009 417 2070 quum
443 1987 642 2071 Byzantinus
669 1987 725 2050 1110
751 1987 981 2071 grammaticus
1005 1988 1064 2052 sub
1089 1987 1174 2054 Oen-

161 2097 306 2160 stantino
330 2095 452 2178 Magno
481 2093 600 2158 vixisse
629 2094 755 2176 aliaque
782 2095 886 2158 multa
909 2094 948 2157 (10
973 2095 1174 2160 astronomia

161 2207 194 2266 01
212 2203 390 2286 geometria
409 2201 579 2282 scripsisse
593 2222 612 2264 0
626 2199 774 2265 Iaeobsio
789 2199 975 2285 (comment.
990 2201 1025 2264 in
1039 2200 1172 2267 Anthol.

160 2307 215 2372 Gr.
238 2311 261 2372 t.
283 2307 379 2385 XIII,
406 2330 436 2391 p.
459 2303 539 2393 917)
562 2307 784 2392 perhibeatur,
808 2307 924 2371 miram
949 2307 1172 2372 confusionem

160 2414 246 2478 haud
265 2418 371 2478 tacere
390 2435 532 2497 possum.
562 2412 656 2477 Alius
676 2414 762 2478 enim
781 2417 830 2477 est
844 2413 1049 2478 Metrodorus
1067 2414 1172 2498 philo-

160 2521 281 2604 sophus
297 2541 313 2584 e
327 2519 435 2584 Persis
450 2519 613 2604 oriundus,
632 2519 723 2585 cuius
737 2520 905 2585 mendacia
920 2518 1172 2585 Constantinum

161 2633 193 2692 et
212 2625 367 2711 Saporem
391 2627 425 2691 in
448 2626 567 2691 bellum
591 2627 822 2709 implicuerunt
844 2626 896 2710 (de
921 2649 984 2711 quo
1004 2625 1171 2692 Valesium

160 2735 200 2798 ad
224 2735 330 2798 Amm.
348 2732 492 2798 Marcell.
516 2729 694 2819 consulas),
720 2734 801 2798 alius
823 2733 1027 2798 Metrodorus
1051 2734 1172 2798 mathe

159 2842 315 2922 matieus,
345 2864 363 2904 0
387 2838 498 2904 Servio
521 2839 628 2904 Plinio
653 2840 903 2925 Ptolemaeoque
926 2839 976 2927 (in
999 2842 1109 2906 libello
1135 2842 1173 2906 de

159 2943 444 3032 Apparitionibus)
464 2950 675 3030 memoratus,
695 2948 779 3012 alius
801 2949 1033 3032 grammaticus
1053 2952 1171 3028 noster,

159 3076 253 3137 quem
285 3051 467 3136 Fabricius,
504 3053 590 3116 haud
627 3054 806 3138 spernendo
843 3059 1036 3140 argumento
1069 3057 1172 3140 nixus,

159 3159 335 3224 Anastasio
369 3163 402 3224 01
430 3159 556 3224 Iustino
588 3160 839 3244 imperatoribus
871 3183 1043 3246 supparem
1070 3162 1170 3226 fuisse

158 3267 275 3331 statuit
283 3264 318 3351 ²).
373 3266 461 3351 Ergo
500 3268 539 3330 ad
578 3271 716 3330 aetatem
748 3267 927 3352 Diophanti
959 3268 1171 3332 definiendam

232 3425 259 3493 1)
278 3421 310 3476 In
334 3421 448 3476 scholiis
467 3422 583 3477 alterius
603 3422 776 3478 collectionis
796 3426 893 3478 contra
910 3423 1037 3479 invenies
1056 3424 1171 3495 λογάριν

159 3515 196 3583 (p.
215 3516 258 3581 49,
277 3514 304 3582 3)
323 3510 435 3580 aliaque
455 3511 602 3566 deterioris
619 3514 712 3566 notae.

230 3603 257 3670 2)
277 3599 350 3655 Bibl.
370 3599 415 3656 Gr.
435 3599 478 3656 ed.
500 3599 608 3670 Harles,
626 3600 673 3670 IV,
691 3617 718 3669 p.
738 3605 802 3665 4823
823 3601 857 3656 cf.
877 3607 929 3656 468
948 3604 1055 3657 01478.
