2578 3984
362 166 613 222 PACHYMERAE
631 166 889 224 PARAPHRASIS.
1091 170 1132 234 81

115 332 176 395 τὸν
190 331 298 414 κύβον
311 331 371 395 τὸν
389 339 425 415 ἦ,
448 330 465 395 6
484 315 509 414 β
524 333 692 415 δηλονότι,
712 330 749 407 ὅς
767 330 858 396 ἐστιν
873 331 977 396 αὐτοῦ
995 334 1134 418 πλευρά,

116 438 262 521 ποιήσει·
287 439 331 515 ὡς
354 439 417 522 γάρ
437 437 457 521 ἡ
477 440 603 523 πλευρά
626 435 679 503 ἐπὶ
702 438 761 503 τὸν
785 437 994 522 τετράγωνον
1012 445 1134 505 πολλα-

116 550 362 609 πλασιασθεῖσα
391 545 451 608 τὸν
478 546 584 628 κύβον
613 545 716 610 ἐποίει
746 543 801 609 καὶ
828 540 871 628 ἦν
900 543 918 609 6
945 549 1134 610 πολλαπλα-

117 651 257 735 σιασμὸς
281 650 430 736 ἀριθμοῦ
453 649 506 716 ἐπὶ
531 652 677 736 δύναμιν
698 653 759 717 τὸν
781 650 1002 734 τετράγωνον,
1027 652 1134 731 οὕτως

116 755 172 821 καλ
196 758 323 842 πλευρά
350 767 411 822 τοῦ
439 757 589 842 κύβον“
573 783 616 834 ως
640 757 847 843 ἀριθμὸςέπ
849 755 988 841 ὶκύβον
1011 763 1132 824 πολλα-
1159 783 1173 822 5

115 871 361 929 πλασιασθεϊσα
392 875 483 928 ποιεῖ
508 865 784 948 βυναμοιλύναμιν
816 865 875 929 τὸν
904 881 952 933 ις
986 862 1037 941 δὶς
1069 867 1132 948 γὰρ

114 973 156 1036 τὰ
183 980 220 1055 ἦ,
240 974 286 1039 ῐέ·
314 971 396 1035 ὥστε
421 969 438 1035 6
464 974 510 1052 εξ,
540 971 585 1047 ὡς
612 967 673 1055 μὲν
697 970 761 1035 άπὸ
791 980 850 1036 τοῦ
878 972 1026 1059 τετράκις
1049 958 1133 1037 166

115 1077 328 1160 τετραγώνου
356 1070 409 1160 ἐφ’
432 1073 565 1157 ἑαυτόν,
596 1076 682 1142 οὕτω
712 1072 748 1141 δὲ
777 1074 831 1141 καὶ
860 1077 923 1143 άπὸ
952 1086 1012 1143 τοῦ
1036 1076 1134 1163 δλςῆ

115 1184 265 1269 ἀριθμοῦ
295 1181 348 1248 ἐπὶ
374 1183 489 1266 κύβον.
526 1182 627 1248 πάλιν
651 1183 794 1269 ἀριθμὸς
823 1182 876 1250 ἐπὶ
900 1185 1133 1269 βνναμοβύνα-

27 1359 28 1364 ,
116 1315 175 1376 μιν
208 1288 535 1366 πολλαπλασιασθεὶς
568 1291 802 1375 βυναμύκυβον
834 1302 937 1357 ποιεῖ·
975 1291 1132 1376 ἐλέγομεν
1147 1317 1174 1356 ιο

115 1399 180 1481 γάρ
200 1399 436 1481 δυναμύκνβον
455 1397 515 1461 τὸν
531 1395 567 1462 ἐκ
585 1402 903 1482 πολλαπλασιασμοῦ
922 1401 1132 1484 τετραγώνου

116 1501 171 1569 ἐπὶ
190 1506 249 1569 τὸν
264 1503 327 1568 άπὸ
346 1512 405 1588 τῆς
424 1503 525 1587 αὐτῆς
544 1503 632 1589 αὐτῷ
651 1508 797 1587 πλευρᾶς
814 1505 921 1589 κύβον
934 1508 1131 1590 γινόμενον·

116 1602 191 1676 οἷον
212 1610 361 1694 τετράκις
384 1610 402 1675 6
426 1619 447 1694 ι’]
470 1611 582 1693 κύβος,
606 1595 664 1694 ᾗ
693 1620 814 1676 τοῦτον
836 1622 927 1677 ποιεῖ
952 1610 1007 1677 καὶ
1034 1611 1132 1697 6926-

115 1719 178 1801 μὸς
206 1715 259 1781 ἐπὶ
287 1717 564 1802 δυναμοιλύναμιν
593 1721 930 1796 πολλαπλασιασθείς
959 1719 1063 1805 ὁγὰρ
1087 1723 1131 1803 ι’ς,

116 1825 162 1900 ὡς
198 1825 345 1907 γεγονὼς
382 1823 445 1888 άπὸ
482 1828 800 1910 πολλαπλασιασμοῦ
837 1823 936 1911 ἐφ’
920 1829 1039 1892 εαοτὸν
1071 1836 1131 1892 τοῦ
1147 1849 1174 1889 15

115 1932 381 2014 τετραγωνον
346 1933 367 1994 6
407 1932 679 2015 ὃνναμοβύναμίς
702 1932 783 1997 ἐστι
806 1941 926 1998 τοῦτον
948 1933 965 1998 6
986 1937 1007 2016 β
1035 1934 1132 2018 άριθ-

116 2039 178 2121 μὸς
206 2037 243 2114 ὃς
270 2033 313 2120 ἦν
340 2039 467 2125 πλευρά
493 2048 554 2104 του
578 2040 614 2120 6
641 2041 917 2119 πολλαπλασιάζει
946 2039 1000 2106 καὶ
1028 2048 1131 2128 γεννᾷ

114 2145 176 2209 τὸν
190 2145 435 2228 δοναμόκνβον.
477 2143 620 2230 άριθμὸς
639 2143 671 2210 6'
686 2140 787 2223 αὖθις
805 2145 1131 2224 πολλαπλασιασθεὶς

115 2249 169 2315 ἐπὶ
198 2252 445 2336 βυναμύκνβον,
473 2255 664 2335 κνβόκυβον
687 2252 913 2337 ἀπεργάζεται·
940 2256 1132 2337 κυβόκυβον

114 2360 180 2443 γάρ
210 2357 366 2442 ἐλέγομεν
388 2358 448 2422 τὸν
471 2356 507 2423 ἐκ
533 2359 641 2441 κύβου
669 2357 721 2441 ἐφ’
741 2357 860 2424 ἑαυτὸν
887 2363 1130 2424 πολλαπλασια-
1145 2384 1172 2424 ιο

115 2464 260 2548 σθέντα,
295 2465 403 2552 ὥσπερ
436 2465 495 2530 τὸν
521 2474 543 2547 ι’]
570 2467 676 2548 κύβον
704 2464 757 2530 ἐπὶ
784 2468 844 2531 τὸν
870 2476 892 2549 ἦ
919 2464 974 2530 καὶ
1003 2467 1061 2532 τὸν
1092 2452 1132 2545 {6

114 2580 293 2637 ποιοῦντα·
316 2580 439 2636 τοῦτον
462 2572 521 2636 τὸν
542 2558 585 2648 {6
606 2574 796 2655 κνβόκνβον
818 2571 874 2637 καὶ
902 2571 920 2637 6
942 2577 1131 2637 πολλαπλα-

115 2679 256 2762 σιασμὸς
283 2686 344 2743 τοῦ
367 2677 515 2763 ἀριθμοῦ
540 2676 645 2742 ἐπὶ
615 2701 675 2742 τον
699 2677 975 2763 δυναμόκυβον’
958 2678 1130 2763 απεργάζε-

113 2803 183 2850 ται·
204 2786 436 2868 βυναμόκνβος
455 2785 518 2869 γάρ
537 2779 580 2866 ἦν
599 2784 617 2848 6
637 2788 694 2867 λβ
717 2781 911 2849 τοῦτονκαὶ
930 2783 948 2849 6
967 2769 989 2867 β
1008 2789 1130 2849 πολλα-

113 2893 305 2970 πλασιάζειν
333 2892 413 2976 <τὸν
437 2892 497 2974 36>
526 2890 754 2973 ἀπεργάζεται
783 2890 801 2955 6
830 2888 867 2956 βε
890 2894 911 2975 β
933 2887 1106 2976 πλευρά
1086 2914 1129 2974 ην
1144 2913 1172 2954 25

113 3005 177 3063 τοῦ
196 2996 266 3075 ἐξ’
250 3008 350 3083 αρχῆς
368 2982 634 3083 τετραγώνονβ,
654 2992 745 3080 ἐςξῇ
763 2997 977 3082 ὁῆκύβοςέ
977 3006 1128 3081 γεννᾶτο,

114 3104 273 3181 ὡσαύτως
297 3105 333 3170 66
356 3103 450 3170 nal‘
433 3130 454 3188 ιγ
477 3113 583 3187 τοῦῇ
610 3105 716 3188 κύβον
744 3106 880 3189 πλευρά.
924 3106 1064 3189 δύναμις
1092 3101 1129 3169 66

114 3209 168 3276 ἐπὶ
193 3212 338 3296 δύναμιν
360 3217 713 3277 πολλαπλασιασθεῖσα
735 3211 1011 3296 βυναμοιλύναμιν
1029 3222 1128 3293 ποιεῖ,

113 3316 178 3382 κάν
198 3316 318 3383 ἑαυτὸν
336 3317 602 3403 πολλαπλασιάζγγ
623 3317 640 3382 6
659 3317 875 3405 τετράγωνος,
897 3318 941 3394 ὡς
959 3320 999 3382 τὰ
1016 3319 1129 3404 τετρά·

113 3447 166 3501 κις
186 3409 222 3508 6,
246 3424 308 3490 κάν
327 3426 430 3490 ἄλλον
449 3425 659 3511 τετράγωνον
679 3425 824 3508 δύναμιν
843 3427 923 3489 ὄντα
941 3422 995 3489 καὶ
1014 3425 1129 3509 αὐτόν,
1142 3447 1171 3487 εο

168 3645 340 3699 memma,
355 3648 389 3688 ed.
404 3648 540 3698 Tannery.
564 3649 595 3689 II.
953 3641 968 3688 6
