2578 3984
325 172 574 227 PACHYMERAE
593 172 851 228 PARAPHRASIS.
1054 173 1097 238 93

75 338 287 421 επιδιτρίτου
303 332 431 418 ἐλέγετο
447 338 614 419 γίνεσθαι,
633 333 688 400 καὶ
708 335 725 402 ὁ
743 338 1098 422 τριπλασιεπιδίτριτος

76 443 115 509 ἐκ
139 451 202 508 τοῦ
231 441 715 528 ὑποτετραπλασιεπιδιτρίτου,
738 440 793 507 καὶ
817 441 949 528 ἐφεξῆς,
977 446 1009 509 εί
1030 443 1098 509 ἐπι-

76 552 281 634 ταττοίμεθα
319 550 462 633 διαιρεῖν
499 547 536 614 ἐν
572 552 661 637 λόγῳ
698 550 1096 638 διπλασιεπιτριτετάρτρι,

76 657 236 741 λάβωμεν
255 656 314 721 τὸν
332 665 395 721 τοῦ
418 656 500 722 ὅλου
522 654 1019 742 ὑποτριπλασιεπιτριτέταρτον,
1043 655 1098 722 καὶ

75 764 195 829 λύεται
218 764 256 829 τὸ
278 766 464 848 πρόβλημα.
497 755 571 829 οἷον
595 767 678 829 ἐστω
703 763 720 830 ὁ
743 766 773 830 ἴε
798 763 838 828 ὃν
862 765 1005 848 διαιρεῖν
1029 762 1097 829 ἐπι·
1125 786 1137 827 5

75 872 285 954 ταττόμεθα·
318 871 440 935 τούτου
472 871 684 956 λαμβάνομεν
716 872 775 936 τὸν
807 870 1098 954 ὑποτριπλασιεπι-

76 977 337 1062 <τρι>τέταρτον
368 978 429 1042 τὸν
457 962 482 1042 δ
513 975 569 1041 καὶ
600 983 749 1061 τιθῶμεν
782 977 920 1059 ἐλάττω,
952 975 1007 1042 καὶ
1038 979 1098 1043 τὸν

78 1086 202 1151 λοιπὸν
215 1085 276 1150 τὸν
288 1087 325 1151 ι“α
344 1087 441 1168 μείζω
460 1091 634 1168 ποιοῦμεν,
654 1081 708 1148 καὶ
728 1084 840 1148 λύεται
858 1085 896 1150 τὸ
914 1087 1098 1169 πρόβλημα.

150 1193 196 1256 El
218 1187 255 1256 δέ
278 1191 315 1256 ἐν
340 1189 761 1277 διπλασιεπιτετραπέμπτῳ
790 1192 879 1278 λόγῳ
904 1192 1099 1276 διαιροῦμεν

78 1298 141 1362 τὸν
166 1297 329 1383 ἀριθμόν,
358 1297 511 1380 λάβωμεν
538 1297 660 1362 τούτου
687 1299 747 1363 τὸν
773 1296 1098 1381 ὑποτριπλασιεπιτε-
1114 1321 1139 1360 10

80 1405 311 1489 τράπεμπτον,
340 1401 545 1484 καὶγίνεται
568 1405 605 1468 τὸ
629 1401 816 1488 ἐπιταχθέν.
856 1396 930 1469 οἷον
953 1406 985 1470 εί
1011 1406 1099 1490 δοθῇ

83 1511 101 1577 ὁ
135 1496 175 1576 ιθ
205 1511 260 1575 ἵνα
290 1512 445 1595 διαιρεθῇ
476 1510 513 1574 ἐν
545 1512 633 1596 λόγῳ
665 1509 1099 1598 διπλασιεπιτετραπέμπτρι,

80 1617 244 1702 λαμβάνω
262 1618 322 1683 τὸν
338 1625 356 1680 ε
375 1617 412 1693 ὅς
431 1615 499 1681 ἐστι
522 1624 584 1681 τοῦ
607 1617 688 1681 ὅλου
711 1617 1100 1703 ὑποτριπλασιεπιτετρά-

81 1746 230 1809 πεμπτος
250 1721 306 1788 καὶ
328 1729 414 1788 τιθῶ
438 1724 583 1806 ἐλάσσω,
610 1721 665 1787 καὶ
688 1724 748 1788 τὸν
771 1724 891 1789 λοιπὸν
913 1725 972 1789 τὸν
996 1709 1037 1790 ιδ
1052 1728 1100 1790 τί-

82 1837 170 1916 θημι
194 1832 303 1915 μείζω,
326 1828 381 1896 καὶ
404 1832 536 1913 γίνεταί
555 1854 612 1914 μοι
635 1830 672 1895 τὸ
695 1832 880 1915 πρόβλημα.
1115 1853 1141 1893 ιε

151 1939 197 2002 Ec
222 1933 259 2002 δέ
288 1939 431 2022 διαιρεῖν
454 1940 513 2002 τὸν
541 1936 689 2022 ἀριθμὸν
718 1940 923 2022 κελευόμεθα
951 1939 988 2005 έν
1011 1942 1099 2027 λόγῳ

84 2042 480 2130 διπλασιεπιπενταέατῳ,
508 2044 723 2128 λαμβάνομεν
746 2046 805 2110 τὸν
828 2053 889 2111 τοῦ
915 2046 997 2111 ὅλον
1019 2047 1101 2112 ὑπο-

83 2148 482 2237 τριπλασιεπιπένθεκτον
514 2149 569 2216 καὶ
584 2159 763 2236 ποιοῦμεν
797 2150 939 2235 ἐλάσσω,
971 2154 1032 2218 τὸν
1064 2150 1101 2219 δέ

83 2261 204 2326 λοιπὸν
228 2260 341 2343 μείζω,
369 2256 424 2323 καὶ
452 2259 565 2323 λύεται
589 2259 627 2323 τὸ
650 2261 835 2344 πρόβλημα.
882 2250 956 2325 οἷον
974 2261 1058 2325 ἔστω
1083 2261 1100 2326 ὁ

85 2367 231 2451 ἀριθμὸς
249 2365 289 2430 δν
305 2367 448 2451 διαιρεῖν
462 2367 668 2450 κελευόμεθα
686 2365 723 2431 ἐν
738 2366 1100 2457 διπλασιεπιπενθέκτρι
1115 2388 1141 2428 ιο

85 2477 174 2561 λόγῳ
195 2473 213 2538 ὁ
232 2478 286 2554 ἶν’
311 2474 431 2539 τούτου
455 2474 514 2538 τὸν
538 2470 1000 2557 ὑποτριπλασιεπιπένθεκτον
1021 2478 1101 2558 λαμ-

86 2582 233 2665 βάνομεν
256 2581 315 2645 τὸν
338 2583 357 2648 ξ
379 2578 435 2645 καὶ
457 2583 596 2664 τίθεμεν
619 2579 748 2645 ἐλάσσω
772 2579 866 2663 ὅρον,
889 2581 949 2645 τὸν
972 2575 1010 2644 δέ
1032 2583 1101 2644 λοι-

85 2691 151 2754 πὸν
182 2687 243 2752 τὸν
274 2671 308 2765 ιζ
336 2689 450 2771 μείζω,
486 2683 541 2750 καὶ
573 2687 698 2770 λύομεν
729 2688 767 2751 τὸ
797 2683 1000 2769 προβληθέν.
1045 2684 1101 2751 καὶ
1224 2729 1228 2737 -

87 2794 193 2870 οὕτως
221 2793 419 2859 εὐοδοῦνται
446 2794 486 2857 τά
512 2796 729 2878 προβλήματα
757 2793 839 2858 κατὰ
861 2794 902 2856 τά
924 2789 1021 2857 πέντε
1044 2801 1101 2875 τῆς

88 2901 283 2984 ἀνισότητος
300 2897 394 2985 μέρη,
418 2900 439 2964 ά
458 2901 522 2964 είσι
540 2901 802 2982 πολλαπλάσιον,
828 2899 1012 2984 ἐπιμόριον,
1037 2898 1101 2964 ἐπι·
1116 2918 1142 2959 ει

88 3006 198 3093 μερές,
229 3008 614 3090 πολλαπλασιεπιμόριον
643 3004 699 3072 καὶ
731 3004 1101 3091 πολλαπλασιεπιμερές,

89 3116 169 3198 άπερ
193 3110 280 3198 ἦσαν
302 3122 362 3179 τοῦ
385 3115 469 3198 πρός
490 3136 522 3177 τι
545 3123 654 3179 ποσοῦ
677 3114 722 3190 ὡς
745 3110 911 3198 ἐλέγομεν.

154 3226 205 3304 λγ.
243 3217 330 3304 Φέρε
358 3226 539 3303 συνθῶμεν
566 3221 606 3284 τά
634 3222 865 3306 προβλήματα,
892 3217 948 3285 καὶ
974 3220 1101 3303 ἐστωὴ

91 3327 233 3405 ἐπίταξις
257 3328 339 3391 ὥστε
362 3327 576 3411 διαιρεθῆναι
594 3326 654 3391 τὸν
673 3325 818 3392 δοθέντα
836 3326 984 3412 άριθμὸν
1003 3333 1050 3403 είς
1068 3349 1103 3390 τε

92 3436 302 3443 ——.-—--...-

160 3490 193 3538 27
219 3485 254 3546 ὡς
278 3479 419 3556 ἐλέγομεν]
445 3484 477 3537 In
503 3484 740 3539 commentatione
763 3483 798 3537 de
821 3483 994 3538 Nicomacho
1018 3500 1104 3552 quam

92 3555 290 3626 excerpendam
310 3572 371 3610 esse
385 3555 463 3610 haud
478 3556 616 3613 duximus,
663 3562 744 3624 285q.
765 3555 805 3610 cf.
820 3554 922 3626 Dioph.
936 3555 1026 3626 probl.
1041 3555 1062 3624 Ι,
1078 3560 1104 3610 3.
