<?xml version="1.0" encoding="UTF-8"?>
<!DOCTYPE html PUBLIC "-//W3C//DTD XHTML 1.0 Transitional//EN"
    "http://www.w3.org/TR/xhtml1/DTD/xhtml1-transitional.dtd">
<html xmlns="http://www.w3.org/1999/xhtml" xml:lang="en" lang="en">
 <head>
  <title>
</title>
<meta http-equiv="Content-Type" content="text/html;charset=utf-8" />
  <meta name='ocr-system' content='tesseract 3.04.00' />
  <meta name='ocr-capabilities' content='ocr_page ocr_carea ocr_par ocr_line ocrx_word'/>
</head>
<body>
  <div class='ocr_page' id='page_1' title='image "./diophantialexan01diopgoog_0056.png"; bbox 0 0 2570 3988; ppageno 0'>
   <div class='ocr_carea' id='block_1_1' title="bbox 190 175 1002 324">
    <p class='ocr_par' dir='ltr' id='par_1_1' title="bbox 190 175 1002 324">
     <span class='ocr_line' id='line_1_1' title="bbox 190 175 1002 324; baseline -0.014 -34"><span class='ocrx_word' id='word_1_1' title='bbox 190 227 226 324; x_wconf 56' lang='grc'><strong><em>4,</em></strong></span> <span class='ocrx_word' id='word_1_2' title='bbox 373 175 627 281; x_wconf 64' lang='grc' dir='ltr'><strong><em>ωιοΡΗιΝΤοε</em></strong></span> <span class='ocrx_word' id='word_1_3' title='bbox 646 225 1002 280; x_wconf 73' lang='lat' dir='ltr'><strong>PSEUDEPIGRAPHUS.</strong></span> 
     </span>
    </p>
   </div>
   <div class='ocr_carea' id='block_1_2' title="bbox 30 365 1277 3356">
    <p class='ocr_par' dir='ltr' id='par_1_2' title="bbox 276 365 1219 473">
     <span class='ocr_line' id='line_1_2' title="bbox 276 365 1219 473; baseline 0.001 -21"><span class='ocrx_word' id='word_1_4' title='bbox 276 383 408 472; x_wconf 80' lang='grc' dir='ltr'><strong><em>Ἐπειδη</em></strong></span> <span class='ocrx_word' id='word_1_5' title='bbox 431 389 490 466; x_wconf 85' lang='grc' dir='ltr'><strong><em>τάς</em></strong></span> <span class='ocrx_word' id='word_1_6' title='bbox 513 388 658 473; x_wconf 78' lang='grc' dir='ltr'><strong><em>ἐφόδους</em></strong></span> <span class='ocrx_word' id='word_1_7' title='bbox 679 365 724 466; x_wconf 76' lang='grc' dir='ltr'><strong><em>δτς</em></strong></span> <span class='ocrx_word' id='word_1_8' title='bbox 741 390 791 452; x_wconf 82' lang='grc' dir='ltr'><strong><em>ἔνι</em></strong></span> <span class='ocrx_word' id='word_1_9' title='bbox 809 387 950 472; x_wconf 81' lang='grc' dir='ltr'><strong><em>μάλιστα</em></strong></span> <span class='ocrx_word' id='word_1_10' title='bbox 968 396 1029 452; x_wconf 88' lang='grc' dir='ltr'><strong><em>τοῦ</em></strong></span> <span class='ocrx_word' id='word_1_11' title='bbox 1047 386 1219 473; x_wconf 79' lang='grc' dir='ltr'><strong><em>ἀκριβοῦς</em></strong></span> 
     </span>
    </p>

    <p class='ocr_par' dir='ltr' id='par_1_3' title="bbox 190 490 1219 580">
     <span class='ocr_line' id='line_1_3' title="bbox 190 490 1219 580; baseline 0 -20"><span class='ocrx_word' id='word_1_12' title='bbox 190 494 303 560; x_wconf 76' lang='grc' dir='ltr'><strong><em>ἕνεκεν</em></strong></span> <span class='ocrx_word' id='word_1_13' title='bbox 326 497 389 561; x_wconf 88' lang='grc' dir='ltr'><strong><em>δεῖ.</em></strong></span> <span class='ocrx_word' id='word_1_14' title='bbox 401 490 496 577; x_wconf 78' lang='grc' dir='ltr'><strong><em>εἶναι,</em></strong></span> <span class='ocrx_word' id='word_1_15' title='bbox 520 495 717 580; x_wconf 83' lang='grc' dir='ltr'><strong><em>εὑρίσκομεν</em></strong></span> <span class='ocrx_word' id='word_1_16' title='bbox 737 490 774 560; x_wconf 77' lang='grc' dir='ltr'><strong><em>δὲ</em></strong></span> <span class='ocrx_word' id='word_1_17' title='bbox 792 493 895 559; x_wconf 82' lang='grc' dir='ltr'><strong><em>πλέον</em></strong></span> <span class='ocrx_word' id='word_1_18' title='bbox 913 506 980 559; x_wconf 84' lang='grc' dir='ltr'><strong><em>τῶν</em></strong></span> <span class='ocrx_word' id='word_1_19' title='bbox 999 496 1111 560; x_wconf 89' lang='grc' dir='ltr'><strong><em>ἀλλων</em></strong></span> <span class='ocrx_word' id='word_1_20' title='bbox 1128 497 1219 572; x_wconf 84' lang='grc' dir='ltr'><strong><em>τοὺς</em></strong></span> 
     </span>
    </p>

    <p class='ocr_par' dir='ltr' id='par_1_4' title="bbox 138 600 1217 692">
     <span class='ocr_line' id='line_1_4' title="bbox 138 600 1217 692; baseline 0 -25"><span class='ocrx_word' id='word_1_21' title='bbox 138 618 147 634; x_wconf 87' lang='grc'><em>·</em></span> <span class='ocrx_word' id='word_1_22' title='bbox 191 601 418 687; x_wconf 90' lang='grc' dir='ltr'><strong><em>ἀστρονόμους</em></strong></span> <span class='ocrx_word' id='word_1_23' title='bbox 436 604 690 687; x_wconf 78' lang='grc' dir='ltr'><strong><em>περιεργότερον</em></strong></span> <span class='ocrx_word' id='word_1_24' title='bbox 704 600 987 686; x_wconf 77' lang='grc' dir='ltr'><strong><em>καταχινομένους</em></strong></span> <span class='ocrx_word' id='word_1_25' title='bbox 999 601 1083 692; x_wconf 88' lang='grc' dir='ltr'><strong><em>πρὸς</em></strong></span> <span class='ocrx_word' id='word_1_26' title='bbox 1095 610 1217 684; x_wconf 88' lang='grc' dir='ltr'><strong><em>τοῦτο,</em></strong></span> 
     </span>
    </p>

    <p class='ocr_par' dir='ltr' id='par_1_5' title="bbox 191 707 1219 797">
     <span class='ocr_line' id='line_1_5' title="bbox 191 707 1219 797; baseline -0.002 -23"><span class='ocrx_word' id='word_1_27' title='bbox 191 708 361 796; x_wconf 76' lang='grc' dir='ltr'><strong><em>ἀγαπητὸν</em></strong></span> <span class='ocrx_word' id='word_1_28' title='bbox 393 709 575 794; x_wconf 79' lang='grc' dir='ltr'><strong><em>ἡγούμενοι</em></strong></span> <span class='ocrx_word' id='word_1_29' title='bbox 602 707 658 774; x_wconf 84' lang='grc' dir='ltr'><strong><em>καὶ</em></strong></span> <span class='ocrx_word' id='word_1_30' title='bbox 685 710 768 794; x_wconf 87' lang='grc' dir='ltr'><strong><em>πρὸς</em></strong></span> <span class='ocrx_word' id='word_1_31' title='bbox 793 710 834 773; x_wconf 89' lang='grc' dir='ltr'><strong><em>τά</em></strong></span> <span class='ocrx_word' id='word_1_32' title='bbox 859 707 961 797; x_wconf 79' lang='grc' dir='ltr'><strong><em>χωρίς</em></strong></span> <span class='ocrx_word' id='word_1_33' title='bbox 988 708 1219 793; x_wconf 81' lang='grc' dir='ltr'><strong><em>ἀστρονομίας</em></strong></span> 
     </span>
    </p>

    <p class='ocr_par' dir='ltr' id='par_1_6' title="bbox 164 813 1217 1007">
     <span class='ocr_line' id='line_1_6' title="bbox 164 813 1217 901; baseline 0 -22"><span class='ocrx_word' id='word_1_34' title='bbox 164 816 308 900; x_wconf 75' lang='grc' dir='ltr'><strong><em>σπάνια,</em></strong></span> <span class='ocrx_word' id='word_1_35' title='bbox 334 817 395 882; x_wconf 82' lang='grc' dir='ltr'><strong><em>ὅσα</em></strong></span> <span class='ocrx_word' id='word_1_36' title='bbox 417 840 452 881; x_wconf 88' lang='grc' dir='ltr'><strong><em>τε</em></strong></span> <span class='ocrx_word' id='word_1_37' title='bbox 475 813 877 900; x_wconf 67' lang='grc' dir='ltr'><strong><em>πολλαπλασιασμοῖςῒκαὶ</em></strong></span> <span class='ocrx_word' id='word_1_38' title='bbox 895 826 1068 901; x_wconf 76' lang='grc' dir='ltr'><strong><em>μερισμοῖς</em></strong></span> <span class='ocrx_word' id='word_1_39' title='bbox 1086 814 1217 898; x_wconf 78' lang='grc' dir='ltr'><strong><em>ἕπεται,</em></strong></span> 
     </span>
     <span class='ocr_line' id='line_1_7' title="bbox 190 921 1029 1007; baseline -0.002 -19"><span class='ocrx_word' id='word_1_40' title='bbox 190 923 364 1006; x_wconf 80' lang='grc' dir='ltr'><strong><em>εὐθετοῦν,</em></strong></span> <span class='ocrx_word' id='word_1_41' title='bbox 389 921 651 1007; x_wconf 76' lang='grc' dir='ltr'><strong><em>ἀντεγραψάμεθα</em></strong></span> <span class='ocrx_word' id='word_1_42' title='bbox 673 931 772 987; x_wconf 87' lang='grc' dir='ltr'><strong><em>τοῦτο</em></strong></span> <span class='ocrx_word' id='word_1_43' title='bbox 795 923 833 986; x_wconf 88' lang='grc' dir='ltr'><strong><em>τὸ</em></strong></span> <span class='ocrx_word' id='word_1_44' title='bbox 858 923 1029 1006; x_wconf 73' lang='grc' dir='ltr'><strong><em>μεθόδιον.</em></strong></span> 
     </span>
    </p>

    <p class='ocr_par' dir='ltr' id='par_1_7' title="bbox 190 1014 1277 1328">
     <span class='ocr_line' id='line_1_8' title="bbox 283 1014 1215 1114; baseline -0.001 -21"><span class='ocrx_word' id='word_1_45' title='bbox 283 1033 352 1095; x_wconf 86' lang='grc' dir='ltr'><strong><em>Τοῦ</em></strong></span> <span class='ocrx_word' id='word_1_46' title='bbox 376 1030 538 1106; x_wconf 80' lang='grc' dir='ltr'><strong><em>ζωδιακοῦ</em></strong></span> <span class='ocrx_word' id='word_1_47' title='bbox 565 1029 628 1114; x_wconf 79' lang='grc' dir='ltr'><strong><em>γάρ</em></strong></span> <span class='ocrx_word' id='word_1_48' title='bbox 657 1030 781 1093; x_wconf 89' lang='grc' dir='ltr'><strong><em>κύκλου</em></strong></span> <span class='ocrx_word' id='word_1_49' title='bbox 810 1030 856 1105; x_wconf 89' lang='grc' dir='ltr'><strong><em>είς</em></strong></span> <span class='ocrx_word' id='word_1_50' title='bbox 887 1014 928 1106; x_wconf 61' lang='lat' dir='ltr'><strong><em>v}</em></strong></span> <span class='ocrx_word' id='word_1_51' title='bbox 957 1026 1215 1113; x_wconf 80' lang='grc' dir='ltr'><strong><em>διαιρουμένου,</em></strong></span> 
     </span>
     <span class='ocr_line' id='line_1_9' title="bbox 190 1133 1216 1220; baseline -0.001 -20"><span class='ocrx_word' id='word_1_52' title='bbox 190 1135 421 1204; x_wconf 79' lang='grc' dir='ltr'><strong><em>ἕκαστοντῶν</em></strong></span> <span class='ocrx_word' id='word_1_53' title='bbox 444 1135 621 1218; x_wconf 81' lang='grc' dir='ltr'><strong><em>τμημάτων</em></strong></span> <span class='ocrx_word' id='word_1_54' title='bbox 644 1145 766 1220; x_wconf 90' lang='grc' dir='ltr'><strong><em>μοῖραν</em></strong></span> <span class='ocrx_word' id='word_1_55' title='bbox 791 1133 970 1220; x_wconf 84' lang='grc' dir='ltr'><strong><em>ὠνόμασαν</em></strong></span> <span class='ocrx_word' id='word_1_56' title='bbox 999 1136 1035 1200; x_wconf 87' lang='grc' dir='ltr'><strong><em>οί</em></strong></span> <span class='ocrx_word' id='word_1_57' title='bbox 1058 1138 1216 1200; x_wconf 87' lang='grc' dir='ltr'><strong><em>παλαιοί·</em></strong></span> 
     </span>
     <span class='ocr_line' id='line_1_10' title="bbox 191 1229 1277 1328; baseline -0.002 -21"><span class='ocrx_word' id='word_1_58' title='bbox 191 1241 267 1326; x_wconf 79' lang='grc' dir='ltr'><strong><em>ἐξῆν</em></strong></span> <span class='ocrx_word' id='word_1_59' title='bbox 287 1229 324 1307; x_wconf 70' lang='grc' dir='ltr'><strong><em>δέ</em></strong></span> <span class='ocrx_word' id='word_1_60' title='bbox 342 1243 404 1325; x_wconf 87' lang='grc' dir='ltr'><strong><em>τὴν</em></strong></span> <span class='ocrx_word' id='word_1_61' title='bbox 423 1253 544 1326; x_wconf 89' lang='grc' dir='ltr'><strong><em>μοῖραν</em></strong></span> <span class='ocrx_word' id='word_1_62' title='bbox 562 1241 647 1326; x_wconf 80' lang='grc' dir='ltr'><strong><em>ἡμᾶς</em></strong></span> <span class='ocrx_word' id='word_1_63' title='bbox 665 1239 913 1328; x_wconf 79' lang='grc' dir='ltr'><strong><em>παραδέχεσθαι</em></strong></span> <span class='ocrx_word' id='word_1_64' title='bbox 929 1242 949 1326; x_wconf 80' lang='grc' dir='ltr'><strong><em>ἣ</em></strong></span> <span class='ocrx_word' id='word_1_65' title='bbox 966 1242 1010 1318; x_wconf 81' lang='grc' dir='ltr'><strong><em>ὡς</em></strong></span> <span class='ocrx_word' id='word_1_66' title='bbox 1024 1233 1242 1326; x_wconf 79' lang='grc' dir='ltr'><strong><em>μοναδικὸν’</em></strong></span> <span class='ocrx_word' id='word_1_67' title='bbox 1274 1281 1277 1286; x_wconf 90' lang='grc'><strong>-</strong></span> 
     </span>
    </p>

    <p class='ocr_par' dir='ltr' id='par_1_8' title="bbox 151 1330 1266 1646">
     <span class='ocr_line' id='line_1_11' title="bbox 151 1330 1266 1435; baseline 0.002 -24"><span class='ocrx_word' id='word_1_68' title='bbox 151 1374 177 1412; x_wconf 87' lang='lat'><strong><em>10</em></strong></span> <span class='ocrx_word' id='word_1_69' title='bbox 191 1351 315 1435; x_wconf 90' lang='grc' dir='ltr'><strong><em>χωρίον</em></strong></span> <span class='ocrx_word' id='word_1_70' title='bbox 343 1348 364 1432; x_wconf 74' lang='grc' dir='ltr'><strong><em>ἣ</em></strong></span> <span class='ocrx_word' id='word_1_71' title='bbox 392 1349 548 1414; x_wconf 80' lang='grc' dir='ltr'><strong><em>ποδιαῖον</em></strong></span> <span class='ocrx_word' id='word_1_72' title='bbox 575 1349 658 1433; x_wconf 89' lang='grc' dir='ltr'><strong><em>πρὸς</em></strong></span> <span class='ocrx_word' id='word_1_73' title='bbox 685 1349 743 1424; x_wconf 82' lang='grc' dir='ltr'><strong><em>τὰς</em></strong></span> <span class='ocrx_word' id='word_1_74' title='bbox 771 1347 967 1425; x_wconf 77' lang='grc' dir='ltr'><strong><em>ἀπαντώσας</em></strong></span> <span class='ocrx_word' id='word_1_75' title='bbox 996 1352 1115 1433; x_wconf 89' lang='grc' dir='ltr'><strong><em>χρείας.</em></strong></span> <span class='ocrx_word' id='word_1_76' title='bbox 1154 1349 1216 1413; x_wconf 82' lang='grc' dir='ltr'><strong><em>διὰ</em></strong></span> <span class='ocrx_word' id='word_1_77' title='bbox 1263 1330 1266 1336; x_wconf 73' lang='lat'><em>,</em></span> 
     </span>
     <span class='ocr_line' id='line_1_12' title="bbox 191 1451 1249 1544; baseline -0.002 -23"><span class='ocrx_word' id='word_1_78' title='bbox 191 1451 255 1521; x_wconf 84' lang='grc' dir='ltr'><strong><em>οὖν</em></strong></span> <span class='ocrx_word' id='word_1_79' title='bbox 278 1457 318 1520; x_wconf 90' lang='grc' dir='ltr'><strong><em>τά</em></strong></span> <span class='ocrx_word' id='word_1_80' title='bbox 341 1458 558 1540; x_wconf 89' lang='grc' dir='ltr'><strong><em>ποστημόρια,</em></strong></span> <span class='ocrx_word' id='word_1_81' title='bbox 582 1457 697 1541; x_wconf 87' lang='grc' dir='ltr'><strong><em>ταύτη,</em></strong></span> <span class='ocrx_word' id='word_1_82' title='bbox 720 1454 870 1520; x_wconf 87' lang='grc' dir='ltr'><strong><em>τουτέστι</em></strong></span> <span class='ocrx_word' id='word_1_83' title='bbox 892 1463 937 1544; x_wconf 79' lang='grc' dir='ltr'><strong><em>τῷ</em></strong></span> <span class='ocrx_word' id='word_1_84' title='bbox 959 1454 1015 1533; x_wconf 65' lang='grc' dir='ltr'><strong><em>τξῖ</em></strong></span> <span class='ocrx_word' id='word_1_85' title='bbox 1038 1453 1130 1539; x_wconf 88' lang='grc' dir='ltr'><strong><em>μέρει</em></strong></span> <span class='ocrx_word' id='word_1_86' title='bbox 1149 1465 1215 1520; x_wconf 85' lang='grc' dir='ltr'><strong><em>τοῦ</em></strong></span> <span class='ocrx_word' id='word_1_87' title='bbox 1244 1501 1249 1513; x_wconf 68' lang='grc'>.</span> 
     </span>
     <span class='ocr_line' id='line_1_13' title="bbox 191 1557 1216 1646; baseline 0 -20"><span class='ocrx_word' id='word_1_88' title='bbox 191 1563 332 1644; x_wconf 90' lang='grc' dir='ltr'><strong><em>κύκλου,</em></strong></span> <span class='ocrx_word' id='word_1_89' title='bbox 355 1557 434 1626; x_wconf 72' lang='grc' dir='ltr'><strong><em>ποτὲ</em></strong></span> <span class='ocrx_word' id='word_1_90' title='bbox 456 1557 518 1645; x_wconf 70' lang='grc' dir='ltr'><strong><em>μέν</em></strong></span> <span class='ocrx_word' id='word_1_91' title='bbox 542 1562 587 1638; x_wconf 82' lang='grc' dir='ltr'><strong><em>ὡς</em></strong></span> <span class='ocrx_word' id='word_1_92' title='bbox 608 1562 703 1645; x_wconf 93' lang='grc' dir='ltr'><strong><em>ποδί,</em></strong></span> <span class='ocrx_word' id='word_1_93' title='bbox 734 1557 812 1626; x_wconf 69' lang='grc' dir='ltr'><strong><em>ποτε</em></strong></span> <span class='ocrx_word' id='word_1_94' title='bbox 837 1557 874 1625; x_wconf 72' lang='grc' dir='ltr'><strong><em>δὲ</em></strong></span> <span class='ocrx_word' id='word_1_95' title='bbox 898 1561 942 1637; x_wconf 83' lang='grc' dir='ltr'><strong><em>ὡς</em></strong></span> <span class='ocrx_word' id='word_1_96' title='bbox 964 1562 1085 1646; x_wconf 89' lang='grc' dir='ltr'><strong><em>μονάδι</em></strong></span> <span class='ocrx_word' id='word_1_97' title='bbox 1109 1562 1216 1627; x_wconf 90' lang='grc' dir='ltr'><strong><em>δυνα-</em></strong></span> 
     </span>
    </p>

    <p class='ocr_par' dir='ltr' id='par_1_9' title="bbox 146 1665 1217 1858">
     <span class='ocr_line' id='line_1_14' title="bbox 146 1665 1215 1753; baseline 0.001 -21"><span class='ocrx_word' id='word_1_98' title='bbox 146 1695 150 1706; x_wconf 93' lang='grc'><strong><em>·</em></strong></span> <span class='ocrx_word' id='word_1_99' title='bbox 192 1665 274 1753; x_wconf 87' lang='grc' dir='ltr'><strong><em>μένη</em></strong></span> <span class='ocrx_word' id='word_1_100' title='bbox 290 1668 621 1752; x_wconf 77' lang='grc' dir='ltr'><strong><em>παραλαμβάνεσθαι,</em></strong></span> <span class='ocrx_word' id='word_1_101' title='bbox 636 1669 771 1753; x_wconf 85' lang='grc' dir='ltr'><strong><em>πρώτην</em></strong></span> <span class='ocrx_word' id='word_1_102' title='bbox 787 1668 951 1753; x_wconf 84' lang='grc' dir='ltr'><strong><em>διαίρεσιν</em></strong></span> <span class='ocrx_word' id='word_1_103' title='bbox 964 1667 1215 1752; x_wconf 77' lang='grc' dir='ltr'><strong><em>ἐπινοήσαντες,</em></strong></span> 
     </span>
     <span class='ocr_line' id='line_1_15' title="bbox 191 1773 1217 1858; baseline 0.003 -21"><span class='ocrx_word' id='word_1_104' title='bbox 191 1775 253 1858; x_wconf 82' lang='grc' dir='ltr'><strong><em>την</em></strong></span> <span class='ocrx_word' id='word_1_105' title='bbox 285 1775 332 1850; x_wconf 88' lang='grc' dir='ltr'><strong><em>είς</em></strong></span> <span class='ocrx_word' id='word_1_106' title='bbox 363 1774 405 1837; x_wconf 89' lang='grc' dir='ltr'><strong><em>τά</em></strong></span> <span class='ocrx_word' id='word_1_107' title='bbox 437 1773 503 1858; x_wconf 60' lang='grc' dir='ltr'><strong><em>ξξα,</em></strong></span> <span class='ocrx_word' id='word_1_108' title='bbox 541 1775 597 1839; x_wconf 88' lang='grc' dir='ltr'><strong><em>διά</em></strong></span> <span class='ocrx_word' id='word_1_109' title='bbox 633 1775 670 1839; x_wconf 86' lang='grc' dir='ltr'><strong><em>τὸ</em></strong></span> <span class='ocrx_word' id='word_1_110' title='bbox 708 1777 872 1840; x_wconf 91' lang='grc' dir='ltr'><strong><em>πλειόνων</em></strong></span> <span class='ocrx_word' id='word_1_111' title='bbox 908 1785 1031 1858; x_wconf 83' lang='grc' dir='ltr'><strong><em>μερῶν·</em></strong></span> <span class='ocrx_word' id='word_1_112' title='bbox 1049 1778 1217 1858; x_wconf 52' lang='grc' dir='ltr'><strong><em>ιγίνεσθαι</em></strong></span> 
     </span>
    </p>

    <p class='ocr_par' dir='ltr' id='par_1_10' title="bbox 154 1866 1239 2287">
     <span class='ocr_line' id='line_1_16' title="bbox 154 1879 1215 1965; baseline 0.002 -20"><span class='ocrx_word' id='word_1_113' title='bbox 154 1906 179 1945; x_wconf 83' lang='lat'><strong><em>15</em></strong></span> <span class='ocrx_word' id='word_1_114' title='bbox 193 1880 439 1963; x_wconf 84' lang='grc' dir='ltr'><strong><em>ἀπαρτιζόντων</em></strong></span> <span class='ocrx_word' id='word_1_115' title='bbox 471 1882 530 1964; x_wconf 80' lang='grc' dir='ltr'><strong><em>τὸν</em></strong></span> <span class='ocrx_word' id='word_1_116' title='bbox 564 1879 579 1959; x_wconf 82' lang='grc' dir='ltr'><strong><em>ξ</em></strong></span> <span class='ocrx_word' id='word_1_117' title='bbox 607 1882 748 1965; x_wconf 78' lang='grc' dir='ltr'><strong><em>ταύτην,</em></strong></span> <span class='ocrx_word' id='word_1_118' title='bbox 781 1879 940 1946; x_wconf 78' lang='grc' dir='ltr'><strong><em>ἐκάλεσαν</em></strong></span> <span class='ocrx_word' id='word_1_119' title='bbox 972 1880 1112 1947; x_wconf 79' lang='grc' dir='ltr'><strong><em>ἕκαστον</em></strong></span> <span class='ocrx_word' id='word_1_120' title='bbox 1142 1893 1215 1947; x_wconf 86' lang='grc' dir='ltr'><strong><em>τῶν</em></strong></span> 
     </span>
     <span class='ocr_line' id='line_1_17' title="bbox 192 1983 1215 2072; baseline 0.003 -21"><span class='ocrx_word' id='word_1_121' title='bbox 192 1986 369 2072; x_wconf 79' lang='grc' dir='ltr'><strong><em>τμημάτων</em></strong></span> <span class='ocrx_word' id='word_1_122' title='bbox 394 1988 428 2052; x_wconf 87' lang='grc' dir='ltr'><strong><em>οί</em></strong></span> <span class='ocrx_word' id='word_1_123' title='bbox 444 1983 505 2072; x_wconf 75' lang='grc' dir='ltr'><strong><em>μδν</em></strong></span> <span class='ocrx_word' id='word_1_124' title='bbox 524 1999 679 2072; x_wconf 84' lang='grc' dir='ltr'><strong><em>πρῶτον</em></strong></span> <span class='ocrx_word' id='word_1_125' title='bbox 703 1992 859 2071; x_wconf 90' lang='grc' dir='ltr'><strong><em>λεπτόν,</em></strong></span> <span class='ocrx_word' id='word_1_126' title='bbox 883 1988 919 2053; x_wconf 89' lang='grc' dir='ltr'><strong><em>οί</em></strong></span> <span class='ocrx_word' id='word_1_127' title='bbox 935 1984 972 2053; x_wconf 71' lang='grc' dir='ltr'><strong><em>δὲ</em></strong></span> <span class='ocrx_word' id='word_1_128' title='bbox 994 1986 1215 2071; x_wconf 81' lang='grc' dir='ltr'><strong><em>ἑξηκοστὸν</em></strong></span> 
     </span>
     <span class='ocr_line' id='line_1_18' title="bbox 192 2081 1239 2184; baseline 0.002 -26"><span class='ocrx_word' id='word_1_129' title='bbox 192 2104 364 2178; x_wconf 84' lang='grc' dir='ltr'><strong><em>πρῶτον·</em></strong></span> <span class='ocrx_word' id='word_1_130' title='bbox 391 2089 461 2159; x_wconf 80' lang='grc' dir='ltr'><strong><em>εἶτα</em></strong></span> <span class='ocrx_word' id='word_1_131' title='bbox 491 2096 546 2158; x_wconf 90' lang='grc' dir='ltr'><strong><em>διά</em></strong></span> <span class='ocrx_word' id='word_1_132' title='bbox 573 2095 610 2159; x_wconf 86' lang='grc' dir='ltr'><strong><em>τὸ</em></strong></span> <span class='ocrx_word' id='word_1_133' title='bbox 637 2093 769 2181; x_wconf 78' lang='grc' dir='ltr'><strong><em>χρῄζειν</em></strong></span> <span class='ocrx_word' id='word_1_134' title='bbox 796 2094 1093 2184; x_wconf 86' lang='grc' dir='ltr'><strong><em>λεπτομερεστέρας</em></strong></span> <span class='ocrx_word' id='word_1_135' title='bbox 1120 2081 1239 2181; x_wconf 88' lang='grc' dir='ltr'><strong><em>ἀκρι-Ι</em></strong></span> 
     </span>
     <span class='ocr_line' id='line_1_19' title="bbox 193 2191 1211 2287; baseline 0.002 -21"><span class='ocrx_word' id='word_1_136' title='bbox 193 2204 284 2284; x_wconf 85' lang='grc' dir='ltr'><strong><em>βείας</em></strong></span> <span class='ocrx_word' id='word_1_137' title='bbox 311 2202 395 2286; x_wconf 83' lang='grc' dir='ltr'><strong><em>πρὸς</em></strong></span> <span class='ocrx_word' id='word_1_138' title='bbox 420 2203 458 2266; x_wconf 87' lang='grc' dir='ltr'><strong><em>τὸ</em></strong></span> <span class='ocrx_word' id='word_1_139' title='bbox 488 2191 679 2286; x_wconf 72' lang='grc' dir='ltr'><strong><em>εὑρίσκειν,</em></strong></span> <span class='ocrx_word' id='word_1_140' title='bbox 702 2197 755 2286; x_wconf 86' lang='grc' dir='ltr'><strong><em>ἐφ’</em></strong></span> <span class='ocrx_word' id='word_1_141' title='bbox 783 2201 864 2266; x_wconf 80' lang='grc' dir='ltr'><strong><em>ὅσον</em></strong></span> <span class='ocrx_word' id='word_1_142' title='bbox 891 2197 935 2285; x_wconf 73' lang='grc' dir='ltr'><strong><em>ἦν</em></strong></span> <span class='ocrx_word' id='word_1_143' title='bbox 963 2202 1110 2267; x_wconf 91' lang='grc' dir='ltr'><strong><em>δυνατὸν</em></strong></span> <span class='ocrx_word' id='word_1_144' title='bbox 1138 2201 1211 2287; x_wconf 84' lang='grc' dir='ltr'><strong><em>μετ’</em></strong></span> 
     </span>
    </p>

    <p class='ocr_par' dir='ltr' id='par_1_11' title="bbox 99 2305 1215 2393">
     <span class='ocr_line' id='line_1_20' title="bbox 99 2305 1215 2393; baseline 0.003 -21"><span class='ocrx_word' id='word_1_145' title='bbox 99 2381 103 2390; x_wconf 46' lang='grc'><strong><em>,</em></strong></span> <span class='ocrx_word' id='word_1_146' title='bbox 194 2308 375 2392; x_wconf 82' lang='grc' dir='ltr'><strong><em>ἀκριβείας,</em></strong></span> <span class='ocrx_word' id='word_1_147' title='bbox 403 2309 443 2371; x_wconf 84' lang='grc' dir='ltr'><strong><em>τά</em></strong></span> <span class='ocrx_word' id='word_1_148' title='bbox 465 2306 585 2393; x_wconf 90' lang='grc' dir='ltr'><strong><em>κέντρα</em></strong></span> <span class='ocrx_word' id='word_1_149' title='bbox 612 2319 679 2373; x_wconf 83' lang='grc' dir='ltr'><strong><em>τῶν</em></strong></span> <span class='ocrx_word' id='word_1_150' title='bbox 708 2305 854 2393; x_wconf 88' lang='grc' dir='ltr'><strong><em>ἀστέρων</em></strong></span> <span class='ocrx_word' id='word_1_151' title='bbox 882 2310 980 2386; x_wconf 90' lang='grc' dir='ltr'><strong><em>ποίας</em></strong></span> <span class='ocrx_word' id='word_1_152' title='bbox 1008 2307 1127 2393; x_wconf 87' lang='grc' dir='ltr'><strong><em>ἐποχάς</em></strong></span> <span class='ocrx_word' id='word_1_153' title='bbox 1156 2310 1215 2375; x_wconf 90' lang='grc' dir='ltr'><strong><em>ἐπ-</em></strong></span> 
     </span>
    </p>

    <p class='ocr_par' dir='ltr' id='par_1_12' title="bbox 155 2408 1222 2927">
     <span class='ocr_line' id='line_1_21' title="bbox 155 2408 1211 2500; baseline 0.003 -22"><span class='ocrx_word' id='word_1_154' title='bbox 155 2438 180 2478; x_wconf 80' lang='lat'><strong><em>20</em></strong></span> <span class='ocrx_word' id='word_1_155' title='bbox 194 2412 328 2498; x_wconf 70' lang='grc' dir='ltr'><strong><em>ἔχουσιν</em></strong></span> <span class='ocrx_word' id='word_1_156' title='bbox 347 2414 384 2479; x_wconf 95' lang='grc' dir='ltr'><strong><em>ἐν</em></strong></span> <span class='ocrx_word' id='word_1_157' title='bbox 403 2426 473 2490; x_wconf 92' lang='grc' dir='ltr'><strong><em>τοῖς</em></strong></span> <span class='ocrx_word' id='word_1_158' title='bbox 490 2408 561 2479; x_wconf 85' lang='grc' dir='ltr'><strong><em>κατ’</em></strong></span> <span class='ocrx_word' id='word_1_159' title='bbox 583 2415 732 2500; x_wconf 89' lang='grc' dir='ltr'><strong><em>οὐρανὸν</em></strong></span> <span class='ocrx_word' id='word_1_160' title='bbox 751 2411 960 2498; x_wconf 79' lang='grc' dir='ltr'><strong><em>διαστήμασι,</em></strong></span> <span class='ocrx_word' id='word_1_161' title='bbox 986 2416 1112 2481; x_wconf 79' lang='grc' dir='ltr'><strong><em>διεῖλον</em></strong></span> <span class='ocrx_word' id='word_1_162' title='bbox 1131 2417 1211 2481; x_wconf 77' lang='grc' dir='ltr'><strong><em>καθ’</em></strong></span> 
     </span>
     <span class='ocr_line' id='line_1_22' title="bbox 194 2511 1218 2607; baseline 0.002 -22"><span class='ocrx_word' id='word_1_163' title='bbox 194 2518 332 2598; x_wconf 82' lang='grc' dir='ltr'><strong><em>ἑαυτοὺς</em></strong></span> <span class='ocrx_word' id='word_1_164' title='bbox 365 2519 504 2586; x_wconf 80' lang='grc' dir='ltr'><strong><em>ἕκαστον</em></strong></span> <span class='ocrx_word' id='word_1_165' title='bbox 535 2531 602 2585; x_wconf 83' lang='grc' dir='ltr'><strong><em>τῶν</em></strong></span> <span class='ocrx_word' id='word_1_166' title='bbox 634 2523 775 2606; x_wconf 82' lang='grc' dir='ltr'><strong><em>πρώτων</em></strong></span> <span class='ocrx_word' id='word_1_167' title='bbox 808 2515 936 2586; x_wconf 85' lang='grc' dir='ltr'><strong><em>λεπτῶν</em></strong></span> <span class='ocrx_word' id='word_1_168' title='bbox 965 2523 1012 2598; x_wconf 86' lang='grc' dir='ltr'><strong><em>είς</em></strong></span> <span class='ocrx_word' id='word_1_169' title='bbox 1039 2521 1134 2607; x_wconf 78' lang='grc' dir='ltr'><strong><em>ἕτερα</em></strong></span> <span class='ocrx_word' id='word_1_170' title='bbox 1163 2511 1218 2600; x_wconf 56' lang='grc' dir='ltr'><strong><em>Ιξξᾶ</em></strong></span> 
     </span>
     <span class='ocr_line' id='line_1_23' title="bbox 193 2626 1215 2713; baseline 0.001 -22"><span class='ocrx_word' id='word_1_171' title='bbox 193 2651 269 2691; x_wconf 92' lang='grc' dir='ltr'><strong><em>τινα</em></strong></span> <span class='ocrx_word' id='word_1_172' title='bbox 301 2626 356 2692; x_wconf 79' lang='grc' dir='ltr'><strong><em>καὶ</em></strong></span> <span class='ocrx_word' id='word_1_173' title='bbox 389 2626 549 2693; x_wconf 88' lang='grc' dir='ltr'><strong><em>ἐκάλεσαν</em></strong></span> <span class='ocrx_word' id='word_1_174' title='bbox 580 2637 683 2694; x_wconf 86' lang='grc' dir='ltr'><strong><em>ταῦτα</em></strong></span> <span class='ocrx_word' id='word_1_175' title='bbox 716 2628 883 2713; x_wconf 87' lang='grc' dir='ltr'><strong><em>δεύτερα</em></strong></span> <span class='ocrx_word' id='word_1_176' title='bbox 915 2626 1105 2710; x_wconf 81' lang='grc' dir='ltr'><strong><em>ἑξηκοστά</em></strong></span> <span class='ocrx_word' id='word_1_177' title='bbox 1139 2630 1215 2712; x_wconf 73' lang='grc' dir='ltr'><strong><em>ἤτοι</em></strong></span> 
     </span>
     <span class='ocr_line' id='line_1_24' title="bbox 195 2729 1222 2824; baseline 0.001 -25"><span class='ocrx_word' id='word_1_178' title='bbox 195 2731 321 2800; x_wconf 88' lang='grc' dir='ltr'><strong><em>λεπτά.</em></strong></span> <span class='ocrx_word' id='word_1_179' title='bbox 362 2730 406 2818; x_wconf 71' lang='grc' dir='ltr'><strong><em>ἦν</em></strong></span> <span class='ocrx_word' id='word_1_180' title='bbox 430 2729 492 2799; x_wconf 82' lang='grc' dir='ltr'><strong><em>οὖν</em></strong></span> <span class='ocrx_word' id='word_1_181' title='bbox 522 2733 635 2810; x_wconf 88' lang='grc' dir='ltr'><strong><em>αὐτοῖς</em></strong></span> <span class='ocrx_word' id='word_1_182' title='bbox 662 2733 768 2810; x_wconf 79' lang='grc' dir='ltr'><strong><em>οὕτως</em></strong></span> <span class='ocrx_word' id='word_1_183' title='bbox 795 2733 816 2817; x_wconf 79' lang='grc' dir='ltr'><strong><em>ἡ</em></strong></span> <span class='ocrx_word' id='word_1_184' title='bbox 845 2745 945 2821; x_wconf 88' lang='grc' dir='ltr'><strong><em>μοῖρα</em></strong></span> <span class='ocrx_word' id='word_1_185' title='bbox 974 2735 1030 2799; x_wconf 90' lang='grc' dir='ltr'><strong><em>διά</em></strong></span> <span class='ocrx_word' id='word_1_186' title='bbox 1057 2731 1118 2820; x_wconf 73' lang='grc' dir='ltr'><strong><em>μέν</em></strong></span> <span class='ocrx_word' id='word_1_187' title='bbox 1146 2746 1222 2824; x_wconf 32' lang='grc' dir='ltr'><strong><em>τῶν,</em></strong></span> 
     </span>
     <span class='ocr_line' id='line_1_25' title="bbox 194 2827 1214 2927; baseline 0.001 -22"><span class='ocrx_word' id='word_1_188' title='bbox 194 2841 336 2925; x_wconf 82' lang='grc' dir='ltr'><strong><em>πρώτων</em></strong></span> <span class='ocrx_word' id='word_1_189' title='bbox 368 2839 435 2918; x_wconf 67' lang='grc' dir='ltr'><strong><em>ξξων</em></strong></span> <span class='ocrx_word' id='word_1_190' title='bbox 468 2838 683 2925; x_wconf 80' lang='grc' dir='ltr'><strong><em>διαιρουμένη</em></strong></span> <span class='ocrx_word' id='word_1_191' title='bbox 709 2842 766 2917; x_wconf 77' lang='grc' dir='ltr'><strong><em>είς</em></strong></span> <span class='ocrx_word' id='word_1_192' title='bbox 803 2842 903 2905; x_wconf 87' lang='grc' dir='ltr'><strong><em>λεπτά</em></strong></span> <span class='ocrx_word' id='word_1_193' title='bbox 940 2838 1001 2926; x_wconf 77' lang='grc' dir='ltr'><strong><em>μὲν</em></strong></span> <span class='ocrx_word' id='word_1_194' title='bbox 1038 2853 1152 2927; x_wconf 83' lang='grc' dir='ltr'><strong><em>πρῶτα</em></strong></span> <span class='ocrx_word' id='word_1_195' title='bbox 1177 2827 1214 2924; x_wconf 67' lang='grc' dir='ltr'><strong><em>ζ,</em></strong></span> 
     </span>
    </p>

    <p class='ocr_par' dir='ltr' id='par_1_13' title="bbox 30 2929 1214 3356">
     <span class='ocr_line' id='line_1_26' title="bbox 30 2929 1214 3034; baseline 0.004 -27"><span class='ocrx_word' id='word_1_196' title='bbox 30 2929 34 2936; x_wconf 51' lang='grc'>’</span> <span class='ocrx_word' id='word_1_197' title='bbox 108 3011 110 3018; x_wconf 63' lang='grc'><strong><em>,</em></strong></span> <span class='ocrx_word' id='word_1_198' title='bbox 156 2967 182 3008; x_wconf 79' lang='lat'><strong><em>25</em></strong></span> <span class='ocrx_word' id='word_1_199' title='bbox 197 2948 335 3032; x_wconf 87' lang='grc' dir='ltr'><strong><em>δεύτερα</em></strong></span> <span class='ocrx_word' id='word_1_200' title='bbox 359 2942 395 3011; x_wconf 71' lang='grc' dir='ltr'><strong><em>δέ</em></strong></span> <span class='ocrx_word' id='word_1_201' title='bbox 418 2943 488 3011; x_wconf 89' lang='grc' dir='ltr'><strong><em>κατ’</em></strong></span> <span class='ocrx_word' id='word_1_202' title='bbox 516 2946 736 3033; x_wconf 87' lang='grc' dir='ltr'><strong><em>ἐπιδιαίρεσιν</em></strong></span> <span class='ocrx_word' id='word_1_203' title='bbox 760 2949 821 3034; x_wconf 71' lang='grc' dir='ltr'><strong><em>χΤχ·</em></strong></span> <span class='ocrx_word' id='word_1_204' title='bbox 850 2942 919 3012; x_wconf 81' lang='grc' dir='ltr'><strong><em>εἶτα</em></strong></span> <span class='ocrx_word' id='word_1_205' title='bbox 946 2951 1095 3032; x_wconf 81' lang='grc' dir='ltr'><strong><em>μείζονος</em></strong></span> <span class='ocrx_word' id='word_1_206' title='bbox 1123 2947 1214 3033; x_wconf 92' lang='grc' dir='ltr'><strong><em>ἀκρι-</em></strong></span> 
     </span>
     <span class='ocr_line' id='line_1_27' title="bbox 196 3047 1214 3145; baseline 0 -27"><span class='ocrx_word' id='word_1_207' title='bbox 196 3056 287 3136; x_wconf 88' lang='grc' dir='ltr'><strong><em>βείας</em></strong></span> <span class='ocrx_word' id='word_1_208' title='bbox 311 3050 488 3136; x_wconf 86' lang='grc' dir='ltr'><strong><em>δεηθέντες</em></strong></span> <span class='ocrx_word' id='word_1_209' title='bbox 516 3053 572 3116; x_wconf 89' lang='grc' dir='ltr'><strong><em>διά</em></strong></span> <span class='ocrx_word' id='word_1_210' title='bbox 594 3051 692 3124; x_wconf 72' lang='grc' dir='ltr'><strong><em>τὸέν</em></strong></span> <span class='ocrx_word' id='word_1_211' title='bbox 720 3047 789 3145; x_wconf 78' lang='grc' dir='ltr'><strong><em>τοίς</em></strong></span> <span class='ocrx_word' id='word_1_212' title='bbox 816 3050 888 3118; x_wconf 86' lang='grc' dir='ltr'><strong><em>κατ’</em></strong></span> <span class='ocrx_word' id='word_1_213' title='bbox 915 3054 1063 3139; x_wconf 90' lang='grc' dir='ltr'><strong><em>οὐρανὸν</em></strong></span> <span class='ocrx_word' id='word_1_214' title='bbox 1090 3055 1214 3140; x_wconf 90' lang='grc' dir='ltr'><strong><em>παράλ-</em></strong></span> 
     </span>
     <span class='ocr_line' id='line_1_28' title="bbox 194 3158 1213 3258; baseline 0.002 -35"><span class='ocrx_word' id='word_1_215' title='bbox 194 3158 291 3252; x_wconf 82' lang='grc' dir='ltr'><strong><em>λαξιν</em></strong></span> <span class='ocrx_word' id='word_1_216' title='bbox 325 3158 507 3225; x_wconf 81' lang='grc' dir='ltr'><strong><em>ὁποιανοῦν</em></strong></span> <span class='ocrx_word' id='word_1_217' title='bbox 539 3159 748 3258; x_wconf 73' lang='grc' dir='ltr'><strong><em>βραχυτάτην</em></strong></span> <span class='ocrx_word' id='word_1_218' title='bbox 780 3159 860 3244; x_wconf 83' lang='grc' dir='ltr'><strong><em>ἡμῖν</em></strong></span> <span class='ocrx_word' id='word_1_219' title='bbox 896 3158 1139 3244; x_wconf 89' lang='grc' dir='ltr'><strong><em>ἐπινοουμένην</em></strong></span> <span class='ocrx_word' id='word_1_220' title='bbox 1172 3160 1213 3225; x_wconf 88' lang='grc' dir='ltr'><strong><em>οὐ</em></strong></span> 
     </span>
     <span class='ocr_line' id='line_1_29' title="bbox 197 3265 1214 3356; baseline 0.002 -26"><span class='ocrx_word' id='word_1_221' title='bbox 197 3267 318 3352; x_wconf 83' lang='grc' dir='ltr'><strong><em>μικράν</em></strong></span> <span class='ocrx_word' id='word_1_222' title='bbox 351 3266 546 3351; x_wconf 82' lang='grc' dir='ltr'><strong><em>ἐργάζεσθαι</em></strong></span> <span class='ocrx_word' id='word_1_223' title='bbox 574 3267 757 3356; x_wconf 82' lang='grc' dir='ltr'><strong><em>διαφοράν,</em></strong></span> <span class='ocrx_word' id='word_1_224' title='bbox 785 3266 926 3332; x_wconf 77' lang='grc' dir='ltr'><strong><em>ἕκαστον</em></strong></span> <span class='ocrx_word' id='word_1_225' title='bbox 952 3278 1019 3332; x_wconf 85' lang='grc' dir='ltr'><strong><em>τῶν</em></strong></span> <span class='ocrx_word' id='word_1_226' title='bbox 1048 3265 1214 3352; x_wconf 87' lang='grc' dir='ltr'><strong><em>δευτέρων</em></strong></span> 
     </span>
    </p>
   </div>
   <div class='ocr_carea' id='block_1_3' title="bbox 233 3456 1217 3601">
    <p class='ocr_par' dir='ltr' id='par_1_14' title="bbox 233 3456 1217 3601">
     <span class='ocr_line' id='line_1_30' title="bbox 268 3456 1212 3583; baseline 0.001 -70"><span class='ocrx_word' id='word_1_227' title='bbox 268 3467 284 3513; x_wconf 76' lang='lat'><strong>2</strong></span> <span class='ocrx_word' id='word_1_228' title='bbox 304 3456 390 3531; x_wconf 87' lang='grc' dir='ltr'><strong><em>εἷναι]</em></strong></span> <span class='ocrx_word' id='word_1_229' title='bbox 411 3457 519 3514; x_wconf 78' lang='grc' dir='ltr'><strong><em>εἰδέναι</em></strong></span> <span class='ocrx_word' id='word_1_230' title='bbox 538 3458 611 3514; x_wconf 79' lang='lat' dir='ltr'><strong>coni.</strong></span> <span class='ocrx_word' id='word_1_231' title='bbox 629 3459 759 3516; x_wconf 70' lang='lat' dir='ltr'><strong>Hultsch.</strong></span> <span class='ocrx_word' id='word_1_232' title='bbox 844 3464 859 3512; x_wconf 79' lang='grc' dir='ltr'>ὅ</span> <span class='ocrx_word' id='word_1_233' title='bbox 879 3459 921 3583; x_wconf 43' lang='lat' dir='ltr'><strong><em>ve}</em></strong></span> <span class='ocrx_word' id='word_1_234' title='bbox 941 3478 972 3530; x_wconf 86' lang='grc' dir='ltr'><strong><em>ηε</em></strong></span> <span class='ocrx_word' id='word_1_235' title='bbox 992 3457 1063 3514; x_wconf 80' lang='lat' dir='ltr'>coni.</span> <span class='ocrx_word' id='word_1_236' title='bbox 1082 3459 1212 3514; x_wconf 67' lang='lat' dir='ltr'><strong>Hultsoh.</strong></span> 
     </span>
     <span class='ocr_line' id='line_1_31' title="bbox 233 3525 1217 3601; baseline -0.001 -15"><span class='ocrx_word' id='word_1_237' title='bbox 233 3537 248 3586; x_wconf 75' lang='lat'><strong>7</strong></span> <span class='ocrx_word' id='word_1_238' title='bbox 268 3532 433 3601; x_wconf 81' lang='grc' dir='ltr'><strong><em>διαιροῦμεν</em></strong></span> <span class='ocrx_word' id='word_1_239' title='bbox 452 3530 484 3585; x_wconf 89' lang='grc' dir='ltr'><strong><em>Α,</em></strong></span> <span class='ocrx_word' id='word_1_240' title='bbox 562 3537 578 3584; x_wconf 88' lang='grc'>9</span> <span class='ocrx_word' id='word_1_241' title='bbox 598 3525 676 3601; x_wconf 80' lang='grc' dir='ltr'><strong><em>ἐξῆν]</em></strong></span> <span class='ocrx_word' id='word_1_242' title='bbox 697 3526 760 3596; x_wconf 85' lang='grc' dir='ltr'><strong><em>ἐξὸν</em></strong></span> <span class='ocrx_word' id='word_1_243' title='bbox 779 3529 844 3586; x_wconf 74' lang='lat' dir='ltr'><strong>mei.</strong></span> <span class='ocrx_word' id='word_1_244' title='bbox 864 3546 897 3585; x_wconf 84' lang='lat' dir='ltr'><strong><em>co</em></strong></span> <span class='ocrx_word' id='word_1_245' title='bbox 920 3575 925 3585; x_wconf 95' lang='lat'>.</span> <span class='ocrx_word' id='word_1_246' title='bbox 945 3531 1007 3584; x_wconf 80' lang='lat' dir='ltr'>Par.</span> <span class='ocrx_word' id='word_1_247' title='bbox 1023 3535 1101 3584; x_wconf 77' lang='lat'>2390.</span> <span class='ocrx_word' id='word_1_248' title='bbox 1180 3538 1217 3585; x_wconf 92' lang='lat'><strong><em>11·</em></strong></span> 
     </span>
    </p>
   </div>
   <div class='ocr_carea' id='block_1_4' title="bbox 196 3596 1141 3680">
    <p class='ocr_par' dir='ltr' id='par_1_15' title="bbox 196 3596 1141 3680">
     <span class='ocr_line' id='line_1_32' title="bbox 196 3596 1141 3680; baseline 0 -24"><span class='ocrx_word' id='word_1_249' title='bbox 196 3602 389 3674; x_wconf 87' lang='grc' dir='ltr'><strong><em>προστημόρια</em></strong></span> <span class='ocrx_word' id='word_1_250' title='bbox 408 3606 440 3656; x_wconf 89' lang='lat' dir='ltr'><strong><em>A.</em></strong></span> <span class='ocrx_word' id='word_1_251' title='bbox 514 3607 547 3656; x_wconf 87' lang='grc'><strong><em>14</em></strong></span> <span class='ocrx_word' id='word_1_252' title='bbox 566 3603 608 3667; x_wconf 62' lang='grc' dir='ltr'><strong><em>ξῦν</em></strong></span> <span class='ocrx_word' id='word_1_253' title='bbox 623 3628 656 3647; x_wconf 93' lang='lat'>=</span> <span class='ocrx_word' id='word_1_254' title='bbox 672 3598 830 3678; x_wconf 75' lang='grc' dir='ltr'><strong><em>ἑξηκοστόν.</em></strong></span> <span class='ocrx_word' id='word_1_255' title='bbox 886 3603 934 3668; x_wconf 65' lang='grc' dir='ltr'><strong><em>ξξα</em></strong></span> <span class='ocrx_word' id='word_1_256' title='bbox 950 3628 983 3648; x_wconf 78' lang='lat'>=</span> <span class='ocrx_word' id='word_1_257' title='bbox 998 3596 1141 3680; x_wconf 77' lang='grc' dir='ltr'><strong><em>ἕξηκοστά.</em></strong></span> 
     </span>
    </p>
   </div>
   <div class='ocr_carea' id='block_1_5' title="bbox 0 0 1290 3988">
    <p class='ocr_par' dir='ltr' id='par_1_16' title="bbox 0 0 1290 3988">
     <span class='ocr_line' id='line_1_33' title="bbox 0 0 1290 3988; baseline 0 0"><span class='ocrx_word' id='word_1_258' title='bbox 0 0 1290 3988; x_wconf 95' lang='lat' dir='ltr'><strong><em> </em></strong></span> 
     </span>
    </p>
   </div>
  </div>
 </body>
</html>
