<?xml version="1.0" encoding="UTF-8"?>
<!DOCTYPE html PUBLIC "-//W3C//DTD XHTML 1.0 Transitional//EN"
    "http://www.w3.org/TR/xhtml1/DTD/xhtml1-transitional.dtd">
<html xmlns="http://www.w3.org/1999/xhtml" xml:lang="en" lang="en">
 <head>
  <title>
</title>
<meta http-equiv="Content-Type" content="text/html;charset=utf-8" />
  <meta name='ocr-system' content='tesseract 3.04.00' />
  <meta name='ocr-capabilities' content='ocr_page ocr_carea ocr_par ocr_line ocrx_word'/>
</head>
<body>
  <div class='ocr_page' id='page_1' title='image "./diophantialexan01diopgoog_0207.png"; bbox 0 0 2568 3980; ppageno 0'>
   <div class='ocr_carea' id='block_1_1' title="bbox 394 205 1145 272">
    <p class='ocr_par' dir='ltr' id='par_1_1' title="bbox 394 205 1145 272">
     <span class='ocr_line' id='line_1_1' title="bbox 394 205 1145 272; baseline 0.017 -12"><span class='ocrx_word' id='word_1_1' title='bbox 394 205 548 261; x_wconf 80' lang='lat' dir='ltr'><strong>SCHOLIA</strong></span> <span class='ocrx_word' id='word_1_2' title='bbox 565 207 605 260; x_wconf 89' lang='lat' dir='ltr'><strong><em>IN</em></strong></span> <span class='ocrx_word' id='word_1_3' title='bbox 622 206 874 264; x_wconf 83' lang='lat' dir='ltr'><strong>DIOPHANTUM.</strong></span> <span class='ocrx_word' id='word_1_4' title='bbox 1082 209 1145 272; x_wconf 83' lang='lat'><strong><em>141</em></strong></span> 
     </span>
    </p>
   </div>
   <div class='ocr_carea' id='block_1_2' title="bbox 128 365 1190 2383">
    <p class='ocr_par' dir='ltr' id='par_1_2' title="bbox 128 365 1148 777">
     <span class='ocr_line' id='line_1_2' title="bbox 129 365 1148 455; baseline 0.003 -21"><span class='ocrx_word' id='word_1_5' title='bbox 129 371 191 454; x_wconf 86' lang='grc' dir='ltr'><strong><em>τήν</em></strong></span> <span class='ocrx_word' id='word_1_6' title='bbox 215 374 327 449; x_wconf 81' lang='grc' dir='ltr'><strong><em>λεῐψιν</em></strong></span> <span class='ocrx_word' id='word_1_7' title='bbox 349 379 411 436; x_wconf 90' lang='grc' dir='ltr'><strong><em>τοῦ</em></strong></span> <span class='ocrx_word' id='word_1_8' title='bbox 434 367 495 441; x_wconf 68' lang='grc' dir='ltr'><strong><em>βθθ·</em></strong></span> <span class='ocrx_word' id='word_1_9' title='bbox 519 368 574 436; x_wconf 78' lang='grc' dir='ltr'><strong><em>καὶ</em></strong></span> <span class='ocrx_word' id='word_1_10' title='bbox 598 365 699 448; x_wconf 77' lang='grc' dir='ltr'><strong><em>αὖθις</em></strong></span> <span class='ocrx_word' id='word_1_11' title='bbox 721 373 784 455; x_wconf 88' lang='grc' dir='ltr'><strong><em>τήν</em></strong></span> <span class='ocrx_word' id='word_1_12' title='bbox 806 376 917 450; x_wconf 79' lang='grc' dir='ltr'><strong><em>λεῖψιν</em></strong></span> <span class='ocrx_word' id='word_1_13' title='bbox 939 381 1000 438; x_wconf 88' lang='grc' dir='ltr'><strong><em>τοῦ</em></strong></span> <span class='ocrx_word' id='word_1_14' title='bbox 1022 370 1071 439; x_wconf 69' lang='grc' dir='ltr'><strong><em>Ξθθ</em></strong></span> <span class='ocrx_word' id='word_1_15' title='bbox 1095 371 1148 438; x_wconf 75' lang='grc' dir='ltr'><strong><em>ἐπὶ</em></strong></span> 
     </span>
     <span class='ocr_line' id='line_1_3' title="bbox 128 461 1147 563; baseline 0.008 -23"><span class='ocrx_word' id='word_1_16' title='bbox 128 478 191 560; x_wconf 87' lang='grc' dir='ltr'><strong><em>τήν</em></strong></span> <span class='ocrx_word' id='word_1_17' title='bbox 215 476 357 562; x_wconf 78' lang='grc' dir='ltr'><strong><em>ὕπαρξιν</em></strong></span> <span class='ocrx_word' id='word_1_18' title='bbox 385 489 452 543; x_wconf 84' lang='grc' dir='ltr'><strong><em>τῶν</em></strong></span> <span class='ocrx_word' id='word_1_19' title='bbox 480 461 548 562; x_wconf 73' lang='grc' dir='ltr'><strong><em>μθθ·</em></strong></span> <span class='ocrx_word' id='word_1_20' title='bbox 579 475 634 542; x_wconf 78' lang='grc' dir='ltr'><strong><em>καὶ</em></strong></span> <span class='ocrx_word' id='word_1_21' title='bbox 663 476 757 555; x_wconf 93' lang='grc' dir='ltr'><strong><em>τέλος</em></strong></span> <span class='ocrx_word' id='word_1_22' title='bbox 784 479 845 563; x_wconf 85' lang='grc' dir='ltr'><strong><em>τήν</em></strong></span> <span class='ocrx_word' id='word_1_23' title='bbox 871 483 983 558; x_wconf 81' lang='grc' dir='ltr'><strong><em>λείψιν</em></strong></span> <span class='ocrx_word' id='word_1_24' title='bbox 1010 489 1070 545; x_wconf 88' lang='grc' dir='ltr'><strong><em>τοῦ</em></strong></span> <span class='ocrx_word' id='word_1_25' title='bbox 1098 481 1147 548; x_wconf 67' lang='lat'><strong><em>5⁰⁵</em></strong></span> 
     </span>
     <span class='ocr_line' id='line_1_4' title="bbox 130 582 1148 670; baseline 0.002 -19"><span class='ocrx_word' id='word_1_26' title='bbox 130 582 184 669; x_wconf 81' lang='grc' dir='ltr'><strong><em>ἐφ’</em></strong></span> <span class='ocrx_word' id='word_1_27' title='bbox 226 583 363 669; x_wconf 81' lang='grc' dir='ltr'><strong><em>ἑαυτήν,</em></strong></span> <span class='ocrx_word' id='word_1_28' title='bbox 404 586 477 668; x_wconf 85' lang='grc' dir='ltr'><strong><em>ήτοι</em></strong></span> <span class='ocrx_word' id='word_1_29' title='bbox 514 582 566 650; x_wconf 79' lang='grc' dir='ltr'><strong><em>ἐπὶ</em></strong></span> <span class='ocrx_word' id='word_1_30' title='bbox 602 585 665 668; x_wconf 87' lang='grc' dir='ltr'><strong><em>τήν</em></strong></span> <span class='ocrx_word' id='word_1_31' title='bbox 706 589 833 670; x_wconf 74' lang='grc' dir='ltr'><strong><em>λεῖψιν,</em></strong></span> <span class='ocrx_word' id='word_1_32' title='bbox 873 583 928 650; x_wconf 84' lang='grc' dir='ltr'><strong><em>καὶ</em></strong></span> <span class='ocrx_word' id='word_1_33' title='bbox 970 586 1074 664; x_wconf 79' lang='grc' dir='ltr'><strong><em>δείξαι</em></strong></span> <span class='ocrx_word' id='word_1_34' title='bbox 1110 590 1148 653; x_wconf 88' lang='grc' dir='ltr'><strong><em>τὸ</em></strong></span> 
     </span>
     <span class='ocr_line' id='line_1_5' title="bbox 130 693 343 777; baseline 0.005 -21"><span class='ocrx_word' id='word_1_35' title='bbox 130 693 343 777; x_wconf 76' lang='grc' dir='ltr'><strong><em>ζητούμενον.</em></strong></span> 
     </span>
    </p>

    <p class='ocr_par' dir='ltr' id='par_1_3' title="bbox 130 796 1190 2383">
     <span class='ocr_line' id='line_1_6' title="bbox 203 796 1189 885; baseline -0.003 -21"><span class='ocrx_word' id='word_1_36' title='bbox 203 799 339 864; x_wconf 81' lang='grc' dir='ltr'><strong>Τούτων</strong></span> <span class='ocrx_word' id='word_1_37' title='bbox 366 796 608 883; x_wconf 81' lang='grc' dir='ltr'><strong><em>ὑποκειμένων,</em></strong></span> <span class='ocrx_word' id='word_1_38' title='bbox 639 796 709 864; x_wconf 78' lang='grc' dir='ltr'><strong><em>ἐπεὶ</em></strong></span> <span class='ocrx_word' id='word_1_39' title='bbox 733 797 869 885; x_wconf 83' lang='grc' dir='ltr'><strong><em>ἑκατέρα</em></strong></span> <span class='ocrx_word' id='word_1_40' title='bbox 892 810 959 865; x_wconf 81' lang='grc' dir='ltr'><strong><em>τῶν</em></strong></span> <span class='ocrx_word' id='word_1_41' title='bbox 982 806 1014 864; x_wconf 88' lang='grc' dir='ltr'><em>Α</em></span> <span class='ocrx_word' id='word_1_42' title='bbox 1021 804 1063 885; x_wconf 87' lang='grc' dir='ltr'><strong><em>Β,</em></strong></span> <span class='ocrx_word' id='word_1_43' title='bbox 1087 803 1154 865; x_wconf 90' lang='grc' dir='ltr'><strong><em>ΒΓ</em></strong></span> <span class='ocrx_word' id='word_1_44' title='bbox 1176 822 1189 861; x_wconf 81' lang='lat'>5</span> 
     </span>
     <span class='ocr_line' id='line_1_7' title="bbox 130 903 1149 992; baseline 0.003 -21"><span class='ocrx_word' id='word_1_45' title='bbox 130 916 168 990; x_wconf 88' lang='grc' dir='ltr'><strong><em>μθ</em></strong></span> <span class='ocrx_word' id='word_1_46' title='bbox 191 903 260 971; x_wconf 77' lang='grc' dir='ltr'><strong><em>ἐστὶ</em></strong></span> <span class='ocrx_word' id='word_1_47' title='bbox 281 914 311 988; x_wconf 74' lang='grc' dir='ltr'><strong><em>ε,</em></strong></span> <span class='ocrx_word' id='word_1_48' title='bbox 333 906 679 971; x_wconf 79' lang='grc' dir='ltr'><em>πεπολλαπλασιάσθω</em></span> <span class='ocrx_word' id='word_1_49' title='bbox 703 905 723 989; x_wconf 83' lang='grc' dir='ltr'><strong><em>ή</em></strong></span> <span class='ocrx_word' id='word_1_50' title='bbox 747 911 812 971; x_wconf 89' lang='grc' dir='ltr'><strong><em>ΑΒ</em></strong></span> <span class='ocrx_word' id='word_1_51' title='bbox 836 904 889 972; x_wconf 81' lang='grc' dir='ltr'><strong><em>ἐπὶ</em></strong></span> <span class='ocrx_word' id='word_1_52' title='bbox 911 908 973 991; x_wconf 86' lang='grc' dir='ltr'><strong><em>τήν</em></strong></span> <span class='ocrx_word' id='word_1_53' title='bbox 997 911 1070 992; x_wconf 87' lang='grc' dir='ltr'><strong><em>ΒΓ,</em></strong></span> <span class='ocrx_word' id='word_1_54' title='bbox 1094 907 1149 974; x_wconf 82' lang='grc' dir='ltr'><strong><em>καὶ</em></strong></span> 
     </span>
     <span class='ocr_line' id='line_1_8' title="bbox 130 1012 1150 1100; baseline 0.004 -24"><span class='ocrx_word' id='word_1_55' title='bbox 130 1015 259 1097; x_wconf 75' lang='grc' dir='ltr'><strong><em>γίνεται</em></strong></span> <span class='ocrx_word' id='word_1_56' title='bbox 281 1015 319 1078; x_wconf 90' lang='grc' dir='ltr'><strong><em>τὸ</em></strong></span> <span class='ocrx_word' id='word_1_57' title='bbox 344 1016 480 1077; x_wconf 88' lang='grc' dir='ltr'><em>ΑΒΓΔ</em></span> <span class='ocrx_word' id='word_1_58' title='bbox 502 1013 713 1098; x_wconf 79' lang='grc' dir='ltr'><strong><em>τετράγωνον</em></strong></span> <span class='ocrx_word' id='word_1_59' title='bbox 735 1024 772 1097; x_wconf 89' lang='grc' dir='ltr'><strong><em>μθ</em></strong></span> <span class='ocrx_word' id='word_1_60' title='bbox 789 1017 839 1075; x_wconf 72' lang='grc' dir='ltr'><strong><em>κε·</em></strong></span> <span class='ocrx_word' id='word_1_61' title='bbox 866 1012 922 1079; x_wconf 80' lang='grc' dir='ltr'><strong><em>καὶ</em></strong></span> <span class='ocrx_word' id='word_1_62' title='bbox 949 1016 1150 1100; x_wconf 78' lang='grc' dir='ltr'><strong><em>καταγεγρά-</em></strong></span> 
     </span>
     <span class='ocr_line' id='line_1_9' title="bbox 131 1115 1150 1205; baseline 0.003 -21"><span class='ocrx_word' id='word_1_63' title='bbox 131 1126 277 1205; x_wconf 74' lang='grc' dir='ltr'><strong><em>φθωσαν</em></strong></span> <span class='ocrx_word' id='word_1_64' title='bbox 292 1120 329 1184; x_wconf 86' lang='grc' dir='ltr'><strong><em>αί</em></strong></span> <span class='ocrx_word' id='word_1_65' title='bbox 339 1119 484 1203; x_wconf 77' lang='grc' dir='ltr'><em>μονάδες</em></span> <span class='ocrx_word' id='word_1_66' title='bbox 501 1128 605 1184; x_wconf 83' lang='grc' dir='ltr'><strong><em>πᾶσαι</em></strong></span> <span class='ocrx_word' id='word_1_67' title='bbox 619 1129 679 1185; x_wconf 89' lang='grc' dir='ltr'><strong><em>τοῦ</em></strong></span> <span class='ocrx_word' id='word_1_68' title='bbox 694 1121 919 1204; x_wconf 77' lang='grc' dir='ltr'><strong><em>τετραγώνου·</em></strong></span> <span class='ocrx_word' id='word_1_69' title='bbox 939 1115 1009 1185; x_wconf 78' lang='grc' dir='ltr'><strong><em>εἶτα</em></strong></span> <span class='ocrx_word' id='word_1_70' title='bbox 1027 1127 1150 1187; x_wconf 90' lang='grc' dir='ltr'><strong><em>πολλα-</em></strong></span> 
     </span>
     <span class='ocr_line' id='line_1_10' title="bbox 131 1224 1149 1313; baseline 0.003 -22"><span class='ocrx_word' id='word_1_71' title='bbox 131 1229 370 1311; x_wconf 85' lang='grc' dir='ltr'><strong><em>πλασιασθήτω</em></strong></span> <span class='ocrx_word' id='word_1_72' title='bbox 384 1225 405 1309; x_wconf 84' lang='grc' dir='ltr'><strong><em>ἡ</em></strong></span> <span class='ocrx_word' id='word_1_73' title='bbox 421 1231 453 1290; x_wconf 88' lang='grc' dir='ltr'><em>Α</em></span> <span class='ocrx_word' id='word_1_74' title='bbox 458 1230 495 1311; x_wconf 85' lang='grc' dir='ltr'><strong><em>Β,</em></strong></span> <span class='ocrx_word' id='word_1_75' title='bbox 513 1224 663 1293; x_wconf 82' lang='grc' dir='ltr'><strong><em>τουτέστι</em></strong></span> <span class='ocrx_word' id='word_1_76' title='bbox 677 1226 697 1310; x_wconf 78' lang='grc' dir='ltr'><em>ἡ</em></span> <span class='ocrx_word' id='word_1_77' title='bbox 711 1238 778 1291; x_wconf 81' lang='grc' dir='ltr'><strong><em>τῶν</em></strong></span> <span class='ocrx_word' id='word_1_78' title='bbox 791 1237 809 1292; x_wconf 75' lang='grc' dir='ltr'><strong><em>ε</em></strong></span> <span class='ocrx_word' id='word_1_79' title='bbox 823 1229 981 1312; x_wconf 76' lang='grc' dir='ltr'><strong><em>μονάδων</em></strong></span> <span class='ocrx_word' id='word_1_80' title='bbox 1000 1229 1149 1313; x_wconf 81' lang='grc' dir='ltr'><strong><em>ὕπαρξις,</em></strong></span> 
     </span>
     <span class='ocr_line' id='line_1_11' title="bbox 132 1329 1190 1418; baseline -0.002 -20"><span class='ocrx_word' id='word_1_81' title='bbox 132 1331 185 1398; x_wconf 77' lang='grc' dir='ltr'><strong><em>ἐπὶ</em></strong></span> <span class='ocrx_word' id='word_1_82' title='bbox 208 1334 270 1417; x_wconf 86' lang='grc' dir='ltr'><strong><em>τήν</em></strong></span> <span class='ocrx_word' id='word_1_83' title='bbox 293 1336 368 1416; x_wconf 87' lang='grc' dir='ltr'><strong><em>ΖΓ,</em></strong></span> <span class='ocrx_word' id='word_1_84' title='bbox 399 1337 510 1410; x_wconf 77' lang='grc' dir='ltr'><strong><em>λείψιν</em></strong></span> <span class='ocrx_word' id='word_1_85' title='bbox 532 1341 593 1398; x_wconf 87' lang='grc' dir='ltr'><strong><em>τοῦ</em></strong></span> <span class='ocrx_word' id='word_1_86' title='bbox 616 1329 664 1400; x_wconf 70' lang='lat'><strong><em>5⁰¹³</em></strong></span> <span class='ocrx_word' id='word_1_87' title='bbox 687 1333 748 1416; x_wconf 86' lang='grc' dir='ltr'><strong><em>τήν</em></strong></span> <span class='ocrx_word' id='word_1_88' title='bbox 771 1331 808 1398; x_wconf 82' lang='grc' dir='ltr'><strong><em>ἐν</em></strong></span> <span class='ocrx_word' id='word_1_89' title='bbox 830 1342 869 1418; x_wconf 75' lang='grc' dir='ltr'><strong><em>τῇ</em></strong></span> <span class='ocrx_word' id='word_1_90' title='bbox 892 1337 963 1401; x_wconf 90' lang='grc' dir='ltr'><strong><em>ΒΓ.</em></strong></span> <span class='ocrx_word' id='word_1_91' title='bbox 998 1332 1053 1401; x_wconf 80' lang='grc' dir='ltr'><strong><em>καὶ</em></strong></span> <span class='ocrx_word' id='word_1_92' title='bbox 1081 1334 1150 1401; x_wconf 77' lang='grc' dir='ltr'><strong><em>ἐπεὶ</em></strong></span> <span class='ocrx_word' id='word_1_93' title='bbox 1166 1357 1190 1397; x_wconf 82' lang='grc' dir='ltr'><strong><em>ιο</em></strong></span> 
     </span>
     <span class='ocr_line' id='line_1_12' title="bbox 132 1437 1151 1527; baseline 0.001 -22"><span class='ocrx_word' id='word_1_94' title='bbox 132 1440 278 1524; x_wconf 89' lang='grc' dir='ltr'><strong><em>μονάδες</em></strong></span> <span class='ocrx_word' id='word_1_95' title='bbox 302 1437 354 1504; x_wconf 80' lang='grc' dir='ltr'><strong><em>ε’πλ</em></strong></span> <span class='ocrx_word' id='word_1_96' title='bbox 378 1439 545 1526; x_wconf 78' lang='grc' dir='ltr'><strong><em>ἀριθμοὺς</em></strong></span> <span class='ocrx_word' id='word_1_97' title='bbox 568 1439 734 1525; x_wconf 81' lang='grc' dir='ltr'><strong><em>ἀριθμοὺς</em></strong></span> <span class='ocrx_word' id='word_1_98' title='bbox 755 1450 905 1524; x_wconf 80' lang='grc' dir='ltr'><strong><em>ποιοῦσι,</em></strong></span> <span class='ocrx_word' id='word_1_99' title='bbox 934 1438 989 1506; x_wconf 77' lang='grc' dir='ltr'><strong><em>καί</em></strong></span> <span class='ocrx_word' id='word_1_100' title='bbox 1012 1441 1151 1527; x_wconf 80' lang='grc' dir='ltr'><strong><em>ὕπαρξις</em></strong></span> 
     </span>
     <span class='ocr_line' id='line_1_13' title="bbox 133 1544 1151 1631; baseline 0.001 -20"><span class='ocrx_word' id='word_1_101' title='bbox 133 1544 186 1611; x_wconf 81' lang='grc' dir='ltr'><strong><em>ἐπὶ</em></strong></span> <span class='ocrx_word' id='word_1_102' title='bbox 206 1551 317 1627; x_wconf 79' lang='grc' dir='ltr'><strong><em>λεῖψιν</em></strong></span> <span class='ocrx_word' id='word_1_103' title='bbox 337 1551 447 1625; x_wconf 79' lang='grc' dir='ltr'><strong><em>λεϊήιιν</em></strong></span> <span class='ocrx_word' id='word_1_104' title='bbox 465 1557 565 1628; x_wconf 79' lang='grc' dir='ltr'><strong><em>ποιεῖ,</em></strong></span> <span class='ocrx_word' id='word_1_105' title='bbox 584 1544 846 1631; x_wconf 73' lang='grc' dir='ltr'><strong><em>ἀφαιρεθήσεται</em></strong></span> <span class='ocrx_word' id='word_1_106' title='bbox 861 1547 999 1613; x_wconf 89' lang='grc' dir='ltr'><strong><em>ἀπὸτοῦ</em></strong></span> <span class='ocrx_word' id='word_1_107' title='bbox 1014 1552 1151 1614; x_wconf 86' lang='grc' dir='ltr'><em>ΑΒΓΔ</em></span> 
     </span>
     <span class='ocr_line' id='line_1_14' title="bbox 132 1653 1151 1739; baseline 0.002 -21"><span class='ocrx_word' id='word_1_108' title='bbox 132 1655 343 1738; x_wconf 77' lang='grc' dir='ltr'><strong><em>τετραγώνου</em></strong></span> <span class='ocrx_word' id='word_1_109' title='bbox 370 1656 408 1720; x_wconf 85' lang='grc' dir='ltr'><strong><em>τδ</em></strong></span> <span class='ocrx_word' id='word_1_110' title='bbox 432 1656 499 1717; x_wconf 90' lang='grc' dir='ltr'><strong><em>ΖΔ</em></strong></span> <span class='ocrx_word' id='word_1_111' title='bbox 520 1656 884 1739; x_wconf 79' lang='grc' dir='ltr'><strong><em>παραλληλόγραμμον,</em></strong></span> <span class='ocrx_word' id='word_1_112' title='bbox 914 1660 1021 1733; x_wconf 80' lang='grc' dir='ltr'><strong><em>λεϊψις</em></strong></span> <span class='ocrx_word' id='word_1_113' title='bbox 1047 1653 1121 1724; x_wconf 71' lang='grc' dir='ltr'><strong><em>55θθ</em></strong></span> <span class='ocrx_word' id='word_1_114' title='bbox 1134 1667 1151 1720; x_wconf 85' lang='grc' dir='ltr'><strong><em>ε’</em></strong></span> 
     </span>
     <span class='ocr_line' id='line_1_15' title="bbox 132 1757 1150 1848; baseline 0.003 -23"><span class='ocrx_word' id='word_1_115' title='bbox 132 1762 207 1844; x_wconf 86' lang='grc' dir='ltr'><strong><em>ήτοι</em></strong></span> <span class='ocrx_word' id='word_1_116' title='bbox 225 1771 262 1844; x_wconf 89' lang='grc' dir='ltr'><strong><em>μθ</em></strong></span> <span class='ocrx_word' id='word_1_117' title='bbox 276 1763 301 1824; x_wconf 90' lang='grc' dir='ltr'><strong><em>ῖ.</em></strong></span> <span class='ocrx_word' id='word_1_118' title='bbox 340 1758 395 1825; x_wconf 78' lang='grc' dir='ltr'><strong><em>καὶ</em></strong></span> <span class='ocrx_word' id='word_1_119' title='bbox 414 1762 533 1825; x_wconf 89' lang='grc' dir='ltr'><strong><em>λοιπὸν</em></strong></span> <span class='ocrx_word' id='word_1_120' title='bbox 555 1757 646 1845; x_wconf 87' lang='grc' dir='ltr'><strong><em>μένει</em></strong></span> <span class='ocrx_word' id='word_1_121' title='bbox 666 1761 702 1825; x_wconf 92' lang='grc' dir='ltr'><strong><em>τὸ</em></strong></span> <span class='ocrx_word' id='word_1_122' title='bbox 722 1767 754 1825; x_wconf 89' lang='grc' dir='ltr'><em>Α</em></span> <span class='ocrx_word' id='word_1_123' title='bbox 760 1765 787 1824; x_wconf 90' lang='grc' dir='ltr'>Ζ</span> <span class='ocrx_word' id='word_1_124' title='bbox 805 1766 1150 1848; x_wconf 79' lang='grc' dir='ltr'><strong><em>παραλληλόγραμμον</em></strong></span> 
     </span>
     <span class='ocr_line' id='line_1_16' title="bbox 133 1863 1190 1952; baseline 0.002 -18"><span class='ocrx_word' id='word_1_125' title='bbox 133 1879 169 1952; x_wconf 91' lang='grc' dir='ltr'><strong><em>μθ</em></strong></span> <span class='ocrx_word' id='word_1_126' title='bbox 186 1872 224 1934; x_wconf 50' lang='lat' dir='ltr'><strong><em>a.</em></strong></span> <span class='ocrx_word' id='word_1_127' title='bbox 257 1863 359 1944; x_wconf 77' lang='grc' dir='ltr'><strong><em>αὖθις</em></strong></span> <span class='ocrx_word' id='word_1_128' title='bbox 376 1869 723 1950; x_wconf 81' lang='grc' dir='ltr'><strong><em>πολλαπλασιασδήτω</em></strong></span> <span class='ocrx_word' id='word_1_129' title='bbox 740 1866 761 1950; x_wconf 81' lang='grc' dir='ltr'><em>ἡ</em></span> <span class='ocrx_word' id='word_1_130' title='bbox 779 1873 811 1932; x_wconf 89' lang='grc' dir='ltr'><em>Α</em></span> <span class='ocrx_word' id='word_1_131' title='bbox 816 1872 848 1932; x_wconf 86' lang='grc' dir='ltr'><em>Ε</em></span> <span class='ocrx_word' id='word_1_132' title='bbox 864 1873 971 1947; x_wconf 81' lang='grc' dir='ltr'><strong><em>λεῐήιις</em></strong></span> <span class='ocrx_word' id='word_1_133' title='bbox 989 1879 1050 1934; x_wconf 89' lang='grc' dir='ltr'><strong><em>τοῦ</em></strong></span> <span class='ocrx_word' id='word_1_134' title='bbox 1068 1868 1150 1937; x_wconf 70' lang='grc' dir='ltr'><strong><em>ᾶεθθ</em></strong></span> <span class='ocrx_word' id='word_1_135' title='bbox 1165 1895 1190 1936; x_wconf 78' lang='grc' dir='ltr'><em>π</em></span> 
     </span>
     <span class='ocr_line' id='line_1_17' title="bbox 133 1973 1151 2061; baseline 0.004 -22"><span class='ocrx_word' id='word_1_136' title='bbox 133 1973 185 2040; x_wconf 77' lang='grc' dir='ltr'><strong><em>ἐπὶ</em></strong></span> <span class='ocrx_word' id='word_1_137' title='bbox 212 1977 274 2058; x_wconf 84' lang='grc' dir='ltr'><strong><em>τήν</em></strong></span> <span class='ocrx_word' id='word_1_138' title='bbox 297 1977 364 2039; x_wconf 91' lang='grc' dir='ltr'><strong><em>ΒΓ</em></strong></span> <span class='ocrx_word' id='word_1_139' title='bbox 386 1973 528 2058; x_wconf 76' lang='grc' dir='ltr'><strong><em>ὕπαρξιν</em></strong></span> <span class='ocrx_word' id='word_1_140' title='bbox 554 1982 660 2039; x_wconf 79' lang='grc' dir='ltr'><strong><em>τῶνε</em></strong></span> <span class='ocrx_word' id='word_1_141' title='bbox 689 1975 862 2059; x_wconf 86' lang='grc' dir='ltr'><strong><em>μονάδων,</em></strong></span> <span class='ocrx_word' id='word_1_142' title='bbox 894 1974 949 2041; x_wconf 82' lang='grc' dir='ltr'><strong><em>καὶ</em></strong></span> <span class='ocrx_word' id='word_1_143' title='bbox 976 1981 1151 2061; x_wconf 73' lang='grc' dir='ltr'><strong><em>γενήσεται</em></strong></span> 
     </span>
     <span class='ocr_line' id='line_1_18' title="bbox 133 2077 1151 2167; baseline 0.003 -20"><span class='ocrx_word' id='word_1_144' title='bbox 133 2077 234 2159; x_wconf 77' lang='grc' dir='ltr'><strong><em>αὖθις</em></strong></span> <span class='ocrx_word' id='word_1_145' title='bbox 257 2087 364 2160; x_wconf 81' lang='grc' dir='ltr'><strong><em>λεϊψις</em></strong></span> <span class='ocrx_word' id='word_1_146' title='bbox 387 2077 505 2166; x_wconf 68' lang='grc' dir='ltr'><strong><em>ββῶθε,</em></strong></span> <span class='ocrx_word' id='word_1_147' title='bbox 534 2079 590 2147; x_wconf 82' lang='grc' dir='ltr'><strong><em>καὶ</em></strong></span> <span class='ocrx_word' id='word_1_148' title='bbox 615 2083 725 2165; x_wconf 89' lang='grc' dir='ltr'><strong><em>δεήσει</em></strong></span> <span class='ocrx_word' id='word_1_149' title='bbox 748 2077 918 2167; x_wconf 81' lang='grc' dir='ltr'><strong><em>εἶναιτὴν</em></strong></span> <span class='ocrx_word' id='word_1_150' title='bbox 946 2088 1057 2162; x_wconf 78' lang='grc' dir='ltr'><strong><em>λεϊήιιν</em></strong></span> <span class='ocrx_word' id='word_1_151' title='bbox 1083 2095 1151 2150; x_wconf 82' lang='grc' dir='ltr'><strong><em>τῶν</em></strong></span> 
     </span>
     <span class='ocr_line' id='line_1_19' title="bbox 130 2183 1151 2274; baseline 0.004 -21"><span class='ocrx_word' id='word_1_152' title='bbox 130 2186 242 2258; x_wconf 69' lang='grc' dir='ltr'><strong><em>εβειθθ</em></strong></span> <span class='ocrx_word' id='word_1_153' title='bbox 269 2189 306 2254; x_wconf 87' lang='grc' dir='ltr'><strong><em>τὸ</em></strong></span> <span class='ocrx_word' id='word_1_154' title='bbox 335 2194 367 2253; x_wconf 88' lang='grc' dir='ltr'><em>Α</em></span> <span class='ocrx_word' id='word_1_155' title='bbox 375 2192 403 2253; x_wconf 84' lang='grc' dir='ltr'>Θ</span> <span class='ocrx_word' id='word_1_156' title='bbox 429 2191 786 2274; x_wconf 81' lang='grc' dir='ltr'><strong><em>παραλληλόγραμμον.</em></strong></span> <span class='ocrx_word' id='word_1_157' title='bbox 827 2183 897 2255; x_wconf 87' lang='grc' dir='ltr'><strong><em>ἀλλ’</em></strong></span> <span class='ocrx_word' id='word_1_158' title='bbox 925 2188 995 2256; x_wconf 79' lang='grc' dir='ltr'><strong><em>ἐπεὶ</em></strong></span> <span class='ocrx_word' id='word_1_159' title='bbox 1021 2194 1059 2257; x_wconf 90' lang='grc' dir='ltr'><strong><em>τὸ</em></strong></span> <span class='ocrx_word' id='word_1_160' title='bbox 1082 2197 1151 2258; x_wconf 80' lang='grc' dir='ltr'><strong><em>ΗΘ</em></strong></span> 
     </span>
     <span class='ocr_line' id='line_1_20' title="bbox 133 2293 1150 2383; baseline 0.004 -24"><span class='ocrx_word' id='word_1_161' title='bbox 133 2295 344 2380; x_wconf 85' lang='grc' dir='ltr'><strong><em>τετράγωνον</em></strong></span> <span class='ocrx_word' id='word_1_162' title='bbox 368 2293 420 2360; x_wconf 77' lang='grc' dir='ltr'><strong><em>ἐπὶ</em></strong></span> <span class='ocrx_word' id='word_1_163' title='bbox 442 2304 501 2378; x_wconf 78' lang='grc' dir='ltr'><strong><em>τῆς</em></strong></span> <span class='ocrx_word' id='word_1_164' title='bbox 519 2294 681 2381; x_wconf 80' lang='grc' dir='ltr'><strong><em>προτέρας</em></strong></span> <span class='ocrx_word' id='word_1_165' title='bbox 699 2299 836 2375; x_wconf 83' lang='grc' dir='ltr'><strong><em>λείψεως</em></strong></span> <span class='ocrx_word' id='word_1_166' title='bbox 854 2296 1010 2383; x_wconf 78' lang='grc' dir='ltr'><strong><em>ἀφῃρέθη</em></strong></span> <span class='ocrx_word' id='word_1_167' title='bbox 1034 2296 1090 2363; x_wconf 80' lang='grc' dir='ltr'><strong><em>καὶ</em></strong></span> <span class='ocrx_word' id='word_1_168' title='bbox 1109 2299 1150 2364; x_wconf 89' lang='grc' dir='ltr'><strong><em>οὐ</em></strong></span> 
     </span>
    </p>
   </div>
   <div class='ocr_carea' id='block_1_3' title="bbox 1 2398 1192 2702">
    <p class='ocr_par' dir='ltr' id='par_1_4' title="bbox 1 2398 1192 2704">
     <span class='ocr_line' id='line_1_21' title="bbox 1 2398 1192 2490; baseline 0.002 -23"><span class='ocrx_word' id='word_1_169' title='bbox 1 2457 2 2474; x_wconf 17' lang='grc' dir='ltr'><strong><em>ς</em></strong></span> <span class='ocrx_word' id='word_1_170' title='bbox 135 2403 188 2468; x_wconf 76' lang='grc' dir='ltr'><strong><em>δεῖ</em></strong></span> <span class='ocrx_word' id='word_1_171' title='bbox 205 2401 257 2480; x_wconf 77' lang='grc' dir='ltr'><strong><em>δὶς</em></strong></span> <span class='ocrx_word' id='word_1_172' title='bbox 274 2405 312 2468; x_wconf 89' lang='grc' dir='ltr'><strong><em>τὸ</em></strong></span> <span class='ocrx_word' id='word_1_173' title='bbox 332 2403 413 2468; x_wconf 87' lang='grc' dir='ltr'><strong><em>αὐτὸ</em></strong></span> <span class='ocrx_word' id='word_1_174' title='bbox 433 2398 486 2486; x_wconf 81' lang='grc' dir='ltr'><strong><em>ἐφ’</em></strong></span> <span class='ocrx_word' id='word_1_175' title='bbox 505 2400 659 2485; x_wconf 84' lang='grc' dir='ltr'><strong><em>ἑκατέρας</em></strong></span> <span class='ocrx_word' id='word_1_176' title='bbox 677 2413 744 2467; x_wconf 83' lang='grc' dir='ltr'><strong><em>τῶν</em></strong></span> <span class='ocrx_word' id='word_1_177' title='bbox 763 2407 904 2483; x_wconf 79' lang='grc' dir='ltr'><strong><em>λείψεων</em></strong></span> <span class='ocrx_word' id='word_1_178' title='bbox 921 2403 1150 2490; x_wconf 75' lang='grc' dir='ltr'><strong><em>ἀφαιρεῖσθαι,</em></strong></span> <span class='ocrx_word' id='word_1_179' title='bbox 1166 2430 1192 2469; x_wconf 83' lang='grc' dir='ltr'><strong><em>εο</em></strong></span> 
     </span>
     <span class='ocr_line' id='line_1_22' title="bbox 1 2505 1151 2610; baseline 0.003 -39"><span class='ocrx_word' id='word_1_180' title='bbox 1 2543 2 2570; x_wconf 64' lang='lat'>2</span> <span class='ocrx_word' id='word_1_181' title='bbox 135 2508 398 2594; x_wconf 80' lang='grc' dir='ltr'><strong><em>ἀφαιρεθήσεται</em></strong></span> <span class='ocrx_word' id='word_1_182' title='bbox 421 2505 482 2593; x_wconf 67' lang='grc' dir='ltr'><strong><em>μὲν</em></strong></span> <span class='ocrx_word' id='word_1_183' title='bbox 504 2512 542 2575; x_wconf 87' lang='grc' dir='ltr'><strong><em>τὸ</em></strong></span> <span class='ocrx_word' id='word_1_184' title='bbox 566 2513 637 2573; x_wconf 88' lang='grc' dir='ltr'><strong><em>ΑΚ</em></strong></span> <span class='ocrx_word' id='word_1_185' title='bbox 660 2512 1006 2594; x_wconf 83' lang='grc' dir='ltr'><strong><em>παραλληλόγραμμον</em></strong></span> <span class='ocrx_word' id='word_1_186' title='bbox 1029 2511 1102 2610; x_wconf 52' lang='grc' dir='ltr'><strong><em>β-εθθ</em></strong></span> <span class='ocrx_word' id='word_1_187' title='bbox 1120 2517 1151 2596; x_wconf 67' lang='grc' dir='ltr'><strong><em>μ,</em></strong></span> 
     </span>
     <span class='ocr_line' id='line_1_23' title="bbox 134 2613 1152 2702; baseline 0.003 -21.538"><span class='ocrx_word' id='word_1_188' title='bbox 134 2618 218 2702; x_wconf 85' lang='grc' dir='ltr'><strong><em>πρὸς</em></strong></span> <span class='ocrx_word' id='word_1_189' title='bbox 251 2613 288 2681; x_wconf 77' lang='grc' dir='ltr'><strong><em>δδ</em></strong></span> <span class='ocrx_word' id='word_1_190' title='bbox 314 2617 421 2702; x_wconf 79' lang='grc' dir='ltr'><strong><em>τούτῳ</em></strong></span> <span class='ocrx_word' id='word_1_191' title='bbox 452 2613 507 2681; x_wconf 81' lang='grc' dir='ltr'><strong><em>καὶ</em></strong></span> <span class='ocrx_word' id='word_1_192' title='bbox 534 2619 604 2680; x_wconf 90' lang='grc' dir='ltr'><strong><em>ΚΛ</em></strong></span> <span class='ocrx_word' id='word_1_193' title='bbox 631 2617 841 2700; x_wconf 78' lang='grc' dir='ltr'><strong><em>τετράγωνον</em></strong></span> <span class='ocrx_word' id='word_1_194' title='bbox 866 2616 941 2685; x_wconf 68' lang='grc' dir='ltr'><strong><em>55θθ</em></strong></span> <span class='ocrx_word' id='word_1_195' title='bbox 971 2617 1010 2682; x_wconf 88' lang='grc' dir='ltr'><strong><em>δν</em></strong></span> <span class='ocrx_word' id='word_1_196' title='bbox 1037 2623 1075 2702; x_wconf 83' lang='grc' dir='ltr'><strong><em>β,</em></strong></span> <span class='ocrx_word' id='word_1_197' title='bbox 1108 2619 1152 2697; x_wconf 83' lang='grc' dir='ltr'><strong><em>ὡς</em></strong></span> 
     </span>
    </p>
   </div>
   <div class='ocr_carea' id='block_1_4' title="bbox 134 2719 1192 3450">
    <p class='ocr_par' dir='ltr' id='par_1_5' title="bbox 134 2719 1192 3450">
     <span class='ocr_line' id='line_1_24' title="bbox 135 2719 1151 2808; baseline 0.004 -21"><span class='ocrx_word' id='word_1_198' title='bbox 135 2722 176 2788; x_wconf 86' lang='grc' dir='ltr'><strong><em>ἀν</em></strong></span> <span class='ocrx_word' id='word_1_199' title='bbox 209 2723 310 2787; x_wconf 90' lang='grc' dir='ltr'><strong><em>πάλιν</em></strong></span> <span class='ocrx_word' id='word_1_200' title='bbox 342 2722 362 2806; x_wconf 77' lang='grc' dir='ltr'><em>ἡ</em></span> <span class='ocrx_word' id='word_1_201' title='bbox 396 2728 504 2801; x_wconf 80' lang='grc' dir='ltr'><strong><em>λεῖψις</em></strong></span> <span class='ocrx_word' id='word_1_202' title='bbox 536 2719 609 2790; x_wconf 66' lang='grc' dir='ltr'><strong><em>βεῶθ</em></strong></span> <span class='ocrx_word' id='word_1_203' title='bbox 639 2725 813 2806; x_wconf 79' lang='grc' dir='ltr'><strong><em>γενήσεται</em></strong></span> <span class='ocrx_word' id='word_1_204' title='bbox 843 2732 878 2807; x_wconf 74' lang='grc' dir='ltr'><strong><em>ε,</em></strong></span> <span class='ocrx_word' id='word_1_205' title='bbox 911 2725 982 2808; x_wconf 84' lang='grc' dir='ltr'><strong><em>ήτις</em></strong></span> <span class='ocrx_word' id='word_1_206' title='bbox 1013 2723 1082 2790; x_wconf 79' lang='grc' dir='ltr'><strong><em>ἐστὶ</em></strong></span> <span class='ocrx_word' id='word_1_207' title='bbox 1113 2728 1151 2791; x_wconf 90' lang='grc' dir='ltr'><strong><em>τὸ</em></strong></span> 
     </span>
     <span class='ocr_line' id='line_1_25' title="bbox 134 2828 1151 2916; baseline 0.005 -23"><span class='ocrx_word' id='word_1_208' title='bbox 134 2830 451 2914; x_wconf 83' lang='grc' dir='ltr'><em>Λ&lt;Η&gt;ΚΝΛΜΕ</em></span> <span class='ocrx_word' id='word_1_209' title='bbox 483 2831 608 2914; x_wconf 85' lang='grc' dir='ltr'><strong><em>χωρίον</em></strong></span> <span class='ocrx_word' id='word_1_210' title='bbox 645 2840 681 2913; x_wconf 91' lang='grc' dir='ltr'><strong><em>μθ</em></strong></span> <span class='ocrx_word' id='word_1_211' title='bbox 696 2832 722 2894; x_wconf 87' lang='grc' dir='ltr'><strong><em>ῖ.</em></strong></span> <span class='ocrx_word' id='word_1_212' title='bbox 767 2828 822 2894; x_wconf 82' lang='grc' dir='ltr'><strong><em>καὶ</em></strong></span> <span class='ocrx_word' id='word_1_213' title='bbox 859 2833 974 2908; x_wconf 88' lang='grc' dir='ltr'><strong><em>λοιπὸς</em></strong></span> <span class='ocrx_word' id='word_1_214' title='bbox 1010 2829 1102 2916; x_wconf 87' lang='grc' dir='ltr'><strong><em>μένει</em></strong></span> <span class='ocrx_word' id='word_1_215' title='bbox 1134 2832 1151 2898; x_wconf 88' lang='grc' dir='ltr'>ὁ</span> 
     </span>
     <span class='ocr_line' id='line_1_26' title="bbox 134 2936 1192 3020; baseline 0.002 -20"><span class='ocrx_word' id='word_1_216' title='bbox 134 2939 351 3000; x_wconf 86' lang='grc' dir='ltr'><em>ΒΕΜΛΝΖ</em></span> <span class='ocrx_word' id='word_1_217' title='bbox 374 2937 517 3020; x_wconf 78' lang='grc' dir='ltr'><strong><em>γνώμων</em></strong></span> <span class='ocrx_word' id='word_1_218' title='bbox 540 2946 577 3020; x_wconf 92' lang='grc' dir='ltr'><strong><em>μθ</em></strong></span> <span class='ocrx_word' id='word_1_219' title='bbox 601 2936 649 3000; x_wconf 83' lang='grc' dir='ltr'><strong><em>διν</em></strong></span> <span class='ocrx_word' id='word_1_220' title='bbox 669 2944 697 3001; x_wconf 73' lang='grc' dir='ltr'><strong><em>ε.</em></strong></span> <span class='ocrx_word' id='word_1_221' title='bbox 1167 2962 1192 3002; x_wconf 79' lang='grc' dir='ltr'><strong><em>ιε</em></strong></span> 
     </span>
     <span class='ocr_line' id='line_1_27' title="bbox 199 3039 1152 3131; baseline 0.004 -23"><span class='ocrx_word' id='word_1_222' title='bbox 199 3039 286 3108; x_wconf 80' lang='grc' dir='ltr'><strong><em>Ἀλλ’</em></strong></span> <span class='ocrx_word' id='word_1_223' title='bbox 309 3040 379 3107; x_wconf 76' lang='grc' dir='ltr'><strong><em>ἐπεὶ</em></strong></span> <span class='ocrx_word' id='word_1_224' title='bbox 398 3040 657 3127; x_wconf 80' lang='grc' dir='ltr'><strong><em>ἀφαιρουμένων</em></strong></span> <span class='ocrx_word' id='word_1_225' title='bbox 675 3052 743 3107; x_wconf 82' lang='grc' dir='ltr'><strong><em>τῶν</em></strong></span> <span class='ocrx_word' id='word_1_226' title='bbox 762 3048 794 3106; x_wconf 92' lang='lat' dir='ltr'><em>A</em></span> <span class='ocrx_word' id='word_1_227' title='bbox 799 3048 831 3108; x_wconf 87' lang='lat' dir='ltr'><em>E</em></span> <span class='ocrx_word' id='word_1_228' title='bbox 847 3041 902 3108; x_wconf 80' lang='grc' dir='ltr'><strong><em>καὶ</em></strong></span> <span class='ocrx_word' id='word_1_229' title='bbox 919 3047 984 3109; x_wconf 89' lang='grc' dir='ltr'><strong><em>ΖΓ</em></strong></span> <span class='ocrx_word' id='word_1_230' title='bbox 999 3048 1152 3131; x_wconf 81' lang='grc' dir='ltr'><strong><em>λείψεων,</em></strong></span> 
     </span>
     <span class='ocr_line' id='line_1_28' title="bbox 135 3146 1153 3234; baseline 0.006 -21"><span class='ocrx_word' id='word_1_231' title='bbox 135 3148 227 3234; x_wconf 87' lang='grc' dir='ltr'><strong><em>μένει</em></strong></span> <span class='ocrx_word' id='word_1_232' title='bbox 251 3146 387 3233; x_wconf 82' lang='grc' dir='ltr'><strong><em>ἑκατέρα</em></strong></span> <span class='ocrx_word' id='word_1_233' title='bbox 409 3159 477 3213; x_wconf 83' lang='grc' dir='ltr'><strong><em>τῶν</em></strong></span> <span class='ocrx_word' id='word_1_234' title='bbox 500 3152 573 3230; x_wconf 83' lang='grc' dir='ltr'><strong><em>ΕΒ,</em></strong></span> <span class='ocrx_word' id='word_1_235' title='bbox 592 3153 654 3212; x_wconf 88' lang='grc' dir='ltr'><strong><em>ΒΖ</em></strong></span> <span class='ocrx_word' id='word_1_236' title='bbox 673 3161 709 3234; x_wconf 89' lang='grc' dir='ltr'><strong><em>μθ</em></strong></span> <span class='ocrx_word' id='word_1_237' title='bbox 729 3150 759 3233; x_wconf 60' lang='grc' dir='ltr'><strong><em>ᾗ),</em></strong></span> <span class='ocrx_word' id='word_1_238' title='bbox 783 3149 839 3215; x_wconf 85' lang='grc' dir='ltr'><strong><em>καὶ</em></strong></span> <span class='ocrx_word' id='word_1_239' title='bbox 865 3153 919 3216; x_wconf 80' lang='grc' dir='ltr'><strong><em>δεῖ</em></strong></span> <span class='ocrx_word' id='word_1_240' title='bbox 938 3154 975 3217; x_wconf 89' lang='grc' dir='ltr'><strong><em>τὸ</em></strong></span> <span class='ocrx_word' id='word_1_241' title='bbox 995 3153 1058 3218; x_wconf 89' lang='grc' dir='ltr'><strong><em>ἀπὸ</em></strong></span> <span class='ocrx_word' id='word_1_242' title='bbox 1077 3155 1153 3219; x_wconf 87' lang='grc' dir='ltr'><strong><em>τού-</em></strong></span> 
     </span>
     <span class='ocr_line' id='line_1_29' title="bbox 135 3242 1152 3346; baseline 0.004 -25"><span class='ocrx_word' id='word_1_243' title='bbox 135 3279 203 3321; x_wconf 88' lang='grc' dir='ltr'><strong><em>των</em></strong></span> <span class='ocrx_word' id='word_1_244' title='bbox 234 3256 444 3340; x_wconf 87' lang='grc' dir='ltr'><strong><em>τετράγωνον</em></strong></span> <span class='ocrx_word' id='word_1_245' title='bbox 471 3266 508 3340; x_wconf 89' lang='grc' dir='ltr'><strong><em>μθ</em></strong></span> <span class='ocrx_word' id='word_1_246' title='bbox 533 3249 618 3320; x_wconf 75' lang='grc' dir='ltr'><strong><em>εἶναι</em></strong></span> <span class='ocrx_word' id='word_1_247' title='bbox 643 3242 686 3340; x_wconf 66' lang='grc' dir='ltr'><strong><em>δ,</em></strong></span> <span class='ocrx_word' id='word_1_248' title='bbox 719 3261 989 3343; x_wconf 81' lang='grc' dir='ltr'><strong><em>κατελείφθησαν</em></strong></span> <span class='ocrx_word' id='word_1_249' title='bbox 1023 3256 1059 3324; x_wconf 81' lang='grc' dir='ltr'><strong><em>δδ</em></strong></span> <span class='ocrx_word' id='word_1_250' title='bbox 1087 3269 1152 3346; x_wconf 73' lang='grc' dir='ltr'><strong><em>μθε</em></strong></span> 
     </span>
     <span class='ocr_line' id='line_1_30' title="bbox 135 3347 1152 3450; baseline 0.005 -23"><span class='ocrx_word' id='word_1_251' title='bbox 135 3371 197 3427; x_wconf 87' lang='grc' dir='ltr'><strong><em>τοῦ</em></strong></span> <span class='ocrx_word' id='word_1_252' title='bbox 220 3363 405 3447; x_wconf 79' lang='grc' dir='ltr'><strong><em>γνώμονος,</em></strong></span> <span class='ocrx_word' id='word_1_253' title='bbox 430 3359 509 3427; x_wconf 88' lang='grc' dir='ltr'><strong><em>δέον</em></strong></span> <span class='ocrx_word' id='word_1_254' title='bbox 528 3361 596 3427; x_wconf 80' lang='grc' dir='ltr'><strong><em>ἐστὶ</em></strong></span> <span class='ocrx_word' id='word_1_255' title='bbox 615 3361 669 3428; x_wconf 83' lang='grc' dir='ltr'><strong><em>καὶ</em></strong></span> <span class='ocrx_word' id='word_1_256' title='bbox 689 3347 710 3427; x_wconf 88' lang='grc' dir='ltr'><strong><em>δ</em></strong></span> <span class='ocrx_word' id='word_1_257' title='bbox 728 3374 765 3448; x_wconf 91' lang='grc' dir='ltr'><strong><em>μθ</em></strong></span> <span class='ocrx_word' id='word_1_258' title='bbox 788 3366 923 3443; x_wconf 88' lang='grc' dir='ltr'><strong><em>ταύταις</em></strong></span> <span class='ocrx_word' id='word_1_259' title='bbox 940 3372 1152 3450; x_wconf 74' lang='grc' dir='ltr'><strong><em>προσθεῖναι,</em></strong></span> 
     </span>
    </p>
   </div>
   <div class='ocr_carea' id='block_1_5' title="bbox 209 3591 592 3663">
    <p class='ocr_par' dir='ltr' id='par_1_6' title="bbox 209 3591 592 3663">
     <span class='ocr_line' id='line_1_31' title="bbox 209 3591 592 3663; baseline 0.013 -20"><span class='ocrx_word' id='word_1_260' title='bbox 209 3595 244 3644; x_wconf 83' lang='grc'><strong><em>24</em></strong></span> <span class='ocrx_word' id='word_1_261' title='bbox 261 3593 369 3663; x_wconf 85' lang='grc' dir='ltr'><strong><em>χωρίων</em></strong></span> <span class='ocrx_word' id='word_1_262' title='bbox 388 3591 419 3660; x_wconf 89' lang='grc' dir='ltr'><strong><em>Β,</em></strong></span> <span class='ocrx_word' id='word_1_263' title='bbox 438 3593 542 3661; x_wconf 84' lang='grc' dir='ltr'><strong><em>χωρίον</em></strong></span> <span class='ocrx_word' id='word_1_264' title='bbox 560 3591 592 3648; x_wconf 87' lang='lat' dir='ltr'><strong><em>K.</em></strong></span> 
     </span>
    </p>
   </div>
   <div class='ocr_carea' id='block_1_6' title="bbox 0 0 1296 3980">
    <p class='ocr_par' dir='ltr' id='par_1_7' title="bbox 0 0 1296 3980">
     <span class='ocr_line' id='line_1_32' title="bbox 0 0 1296 3980; baseline 0 0"><span class='ocrx_word' id='word_1_265' title='bbox 0 0 1296 3980; x_wconf 95' lang='lat' dir='ltr'><strong><em> </em></strong></span> 
     </span>
    </p>
   </div>
  </div>
 </body>
</html>
