2578 3984
331 186 582 242 PACHYMERAE
601 187 859 244 PARAPHRASIS.
1040 192 1101 252 115

154 349 202 413 Εί
229 345 266 414 δὲ
294 348 326 428 έξ
354 348 561 434 ἀφαιρέσεως
586 351 742 432 τετράδος
768 364 835 417 τῶν
860 354 921 418 δύο
947 352 1102 436 ἀριθμῶν

85 456 191 522 πάλιν
213 457 273 521 τὸν
296 456 400 522 αὐτὸν
425 461 584 542 ζητοῦμεν
608 458 784 524 διπλάσιον
808 462 920 542 λόγον,
945 461 1101 544 ἄρχονται

85 564 121 628 οἱ
141 561 284 648 ἀριθμοί
306 565 390 628 κατά
412 562 587 648 συνέχειαν
611 562 667 630 καί
690 565 867 647 εὐτάκτως,
895 567 929 630 οί
949 564 1010 649 μέν
1033 571 1101 650 μετ’-

85 675 179 750 ζονες
207 671 333 752 [καθὼς
356 667 410 735 καί
434 669 486 736 ἐπὶ
509 683 577 736 τῶν
605 673 791 737 διπλασίων
822 671 963 755 ἐγίνετο·
989 696 1101 758 τετρα-

83 779 237 844 πλασίων
259 778 322 861 γάρ
346 779 457 861 λόγων
480 776 796 856 ένταῦθαέξέτασις
818 782 898 864 μετά
921 781 981 862 τὴν
1003 780 1100 862 ἀφαί-
1128 807 1140 846 5

85 901 182 968 ρεσιν
208 891 266 967 τῆς
293 883 463 968 τετράδος]
493 883 557 949 ἀπὸ
587 895 648 951 τοῦ
677 889 696 954 ξ
724 882 785 970 μέν
813 887 986 970 ἄρχονται,
1019 890 1100 950 κατὰ

82 992 164 1068 τοὺς
187 999 338 1075 συνεχεῖς
360 987 397 1056 δέ
419 990 554 1075 ἀρτίους
576 995 831 1077 προβαίνουσιν,
855 995 890 1058 οί
911 992 947 1058 δὲ
971 992 1100 1060 ἐλάττο-

1 1171 2 1182 ¹
83 1121 139 1174 νες
163 1097 227 1163 ἀπὸ
251 1098 414 1174 πεντάδος
434 1099 572 1164 κατὰτὸ
591 1101 737 1184 φυσικὸν
755 1108 843 1183 χῦμα
861 1110 921 1165 τοῦ
939 1099 1099 1184 ἀριθμοῦ,

82 1196 173 1269 (ἀπ’
196 1206 275 1286 323⁸
298 1206 382 1288 ἤιξ’
405 1191 479 1288 ἷιξ
502 1191 600 1290 {m
625 1191 975 1290 c-3‚1‘—>ss‚l·ffy‚ffi·
998 1193 1098 1290 W,

81 1309 137 1375 καὶ
166 1309 297 1394 ἐφεξῆς·
326 1310 363 1376 έν
386 1311 517 1388 τούτοις
538 1313 602 1397 γάρ
624 1321 705 1377 πᾶσι
728 1313 809 1396 μετά
836 1312 897 1395 τὴν
920 1311 1098 1396 ἀφαίρεσιν
1114 1342 1139 1380 ιο

80 1427 140 1502 τῆς
160 1419 318 1503 τετράδος
336 1414 391 1484 ἀπ’
409 1417 607 1505 ἀμφοτέρων
626 1430 693 1483 τῶν
713 1419 869 1504 ἀριθμῶν
887 1418 905 1484 δ
925 1420 1098 1498 διπλάσιος

80 1527 181 1607 λόγος
211 1527 364 1589 λείπεται.
401 1527 484 1606 [ἔστι
515 1522 552 1590 δὲ
582 1527 619 1590 τὸ
654 1527 743 1591 ίδιον
774 1534 872 1591 τοῦτο
904 1529 992 1609 παρά
1019 1530 1098 1604 τοὺς

80 1629 135 1697 έπὶ
159 1631 345 1696 διπλασίων
368 1629 547 1716 ῥηθέντας,
575 1633 625 1696 ὅτι
654 1631 690 1697 έν
714 1631 855 1710 έκείνοις
883 1634 919 1697 οί
943 1631 1005 1718 μὲν
1028 1639 1096 1717 μεί-

80 1742 173 1817 ζονες
200 1737 259 1802 ἕνα
282 1735 359 1823 παρ’
378 1736 437 1802 ἕνα
466 1733 556 1822 εἶχον
580 1739 639 1803 τὸν
663 1739 789 1825 ἀρτιον,
818 1741 854 1804 οί
879 1737 915 1804 δὲ
942 1739 1096 1816 ἐλάττους

78 1847 162 1912 κατά
184 1847 262 1920 τοὺς
284 1838 362 1929 παρ’
379 1843 439 1909 ἕνα
463 1844 628 1930 ἀριθμοὺς
651 1845 687 1911 ἐκ
707 1857 767 1913 τοῦ
787 1855 933 1930 φυσικοῦ
951 1849 1095 1931 χύματος
1110 1875 1135 1914 15

76 1949 165 2038 ἦσαν
188 1955 295 2036 ἤγουν
318 1953 397 2028 τοὺς
418 1953 603 2036 περιττούς·
633 1951 686 2018 ἐπὶ
712 1950 748 2019 δὲ
771 1964 839 2019 τῶν
861 1955 1023 2020 τοιούτων
1046 1977 1095 2018 τε-

76 2062 307 2145 τραπλασίων,
335 2059 370 2123 οί
398 2055 460 2142 μὲν
482 2062 630 2143 μείζονες
652 2063 734 2126 κατά
757 2064 836 2138 τοὺς
858 2072 1007 2144 συνεχεῖς
1030 2061 1092 2126 ἀπὸ

76 2165 194 2245 ἑξάδος
217 2165 362 2250 ἀρτίους,
386 2165 422 2230 οί
443 2162 480 2231 δὲ
504 2165 659 2245 ἐλάττους
682 2168 747 2233 ἀπὸ
770 2169 932 2245 πεντάδος
955 2170 1092 2232 κατὰτὸ

74 2269 214 2356 συνεχὲς
236 2282 324 2356 χῦμα
345 2282 412 2336 τῶν
436 2273 614 2360 ἀριθμῶν]

143 2380 189 2444 Ee
216 2375 252 2443 δὲ
280 2378 313 2457 ἐξ
341 2377 547 2464 ἀφαιρέσεως
573 2381 736 2458 πεντάδος
758 2392 825 2446 τῶν
850 2382 912 2446 δύο
937 2381 1091 2464 ἀριθμῶν
1107 2410 1132 2447 -ιο

74 2488 198 2562 οἵτινες
221 2485 393 2570 ἐδόθησαν
414 2487 515 2551 πάλιν
533 2489 592 2554 τὸν
612 2488 715 2555 αὐτὸν
736 2491 895 2572 ζητοῦμεν
915 2490 1091 2552 διπλάσιον

74 2599 190 2678 λόγον,
216 2594 373 2677 ἀρχονται
398 2594 433 2657 oc
453 2593 592 2679 ἀριθμοὶ
621 2594 684 2660 ἀπὸ
708 2603 769 2659 τοῦ
793 2580 912 2672 ζκατά
935 2596 1013 2669 τοὺς
1036 2615 1091 2657 πε-

73 2701 222 2786 ριττούς,
251 2701 286 2764 οί
311 2696 349 2765 δὲ
376 2698 546 2780 έλάττονες
575 2702 638 2768 ἀπὸ
666 2709 727 2766 τοῦ
755 2704 774 2768 ξ
802 2701 883 2764 κατὰ
916 2698 1090 2782 συνέχειαν

71 2817 135 2874 τοῦ
163 2816 309 2889 φυσικοῦ
337 2806 481 2892 χείματος
508 2818 568 2875 τοῦ
591 2808 755 2893 ἀριθμοῦ,
780 2799 865 2873 οἷον·
900 2791 929 2888 ζ,
944 2808 977 2874 ξ·
1000 2791 1040 2886 θ,
1055 2790 1089 2882 ζ

71 2918 123 2998 ὦ,
138 2924 173 2998 ἦ·
196 2917 246 2997 ἢ,
261 2899 299 2979 θ’
324 2915 412 2997 ιἐ,ῖ·
436 2901 479 2998 ιζ,
494 2919 545 2998 ἦ,
573 2913 627 2980 καὶ
651 2913 780 3000 ἐφεξῆς·
805 2913 842 2980 έν
865 2916 995 2989 τούτοις
1024 2914 1086 2998 γάρ
1102 2937 1128 2977 ετ

71 3031 152 3087 πᾶσι
176 3022 258 3105 μετά
280 3021 341 3104 τὴν
361 3020 540 3107 ἀφαίρεσιν
558 3032 616 3106 τῆς
635 3022 798 3098 πεντάδος
817 3019 870 3086 ἀπ’
890 3020 1087 3106 ἀμφοτέρων

71 3139 139 3193 τῶν
164 3127 355 3212 δεδομένων
383 3128 538 3213 ἀριθμῶν
562 3129 579 3194 ὁ
606 3129 779 3205 διπλάσιος
807 3131 905 3212 λόγος
933 3132 1086 3193 λείπεται.

139 3237 184 3299 Ec
206 3233 243 3300 δὲ
266 3234 299 3315 ἐξ
323 3233 528 3320 ἀφαιρέσεως
552 3235 667 3314 ἑξάδος
689 3247 756 3301 τῶν
775 3234 965 3320 δεδομένων
990 3235 1086 3321 ἀριθ-

144 3434 214 3481 4-6
233 3430 331 3492 καθὼς
350 3471 400 3484 ...
420 3427 553 3499 τετράδος
571 3427 682 3496 seclusi,
702 3445 774 3497 quae
793 3428 840 3481 vix
859 3446 928 3483 sana
947 3429 1084 3484 videntur.

68 3505 213 3640 ΡΠῒΞΙ-Ῑῖίὲθ
233 3497 290 3554 ἔστι
310 3543 360 3557 ...
380 3501 512 3571 ἀριθμῶν
531 3499 634 3555 seclusi
651 3502 751 3569 utpote
765 3498 954 3568 Pachymerae
968 3499 1014 3554 vix
1033 3501 1084 3553 im-

886 3663 922 3710 8ss
