2570 3988
189 242 279 297 XXVI
554 248 830 303 PROLEGOMENA.

190 407 352 470 saeculum
371 406 451 471 XVI
470 408 607 472 fideliter
627 409 781 493 descripti
805 415 888 474 sunt.
935 409 972 475 In
996 410 1205 496 marginibus

188 511 399 597 Neapolitani
419 515 528 579 variae
547 515 760 580 correctiones
780 517 994 600 reperiuntur,
1015 539 1094 601 quas
1115 539 1204 582 saec.

189 617 286 684 XVII
308 619 438 684 ineunte
461 613 710 686 mathematicus
735 623 864 705 quidam
889 624 1012 706 attulit,
1040 624 1096 688 sed
1121 646 1205 708 qua-

189 748 260 790 rum
279 727 369 789 nulla
388 726 471 790 ratio
495 727 642 792 habenda
662 733 720 812 est,
743 751 842 813 quum
863 728 995 794 Graecis
1014 731 1204 814 incognitas

701 853 737 993 ᾖ
763 838 897 976 pro-15·

255 1009 304 1074 De
337 1011 448 1076 eodem
483 1011 589 1076 codice
626 1013 660 1076 in
692 1015 843 1099 catalogo
876 1037 932 1079 suo
970 1013 1035 1100 (II,
1062 1038 1094 1099 p.
1113 1012 1204 1102 362)

190 1116 340 1184 Salvator
364 1116 504 1201 Cyrillus
529 1120 575 1183 sic
599 1120 797 1185 mentionem
822 1122 1017 1206 composuit,
1045 1126 1083 1186 ut
1107 1120 1203 1185 libel-

188 1225 255 1289 lum
280 1225 318 1289 de
347 1226 519 1310 polygonis
543 1227 685 1290 numeris
708 1231 863 1310 tanquam
892 1228 1065 1313 septimum
1089 1228 1202 1292 Arith-

189 1332 379 1396 meticorum
413 1331 534 1396 librum
566 1331 741 1396 indicatum
774 1333 875 1398 fuisse
912 1357 1023 1417 posses
1057 1337 1201 1400 credere:

187 1439 250 1502 hoc
274 1442 401 1502 tantum
424 1460 536 1502 verum
560 1441 622 1521 est,
650 1439 685 1502 in
709 1440 841 1504 summis
869 1441 998 1526 paginis
1024 1440 1127 1528 (tituli
1151 1443 1201 1506 in-

189 1550 257 1608 star
285 1544 444 1608 currentis
474 1566 568 1628 quem
592 1545 724 1630 vocant)
754 1546 865 1610 literas
888 1552 934 1630 A,
959 1551 1003 1629 Β,
1027 1550 1065 1630 Γ,
1091 1555 1133 1630 Δ,
1158 1553 1199 1631 Ε,

189 1654 230 1733 Ζ,
255 1653 294 1714 Η
318 1650 491 1714 secundum
519 1651 677 1715 librorum
706 1653 853 1718 ordinem
879 1654 981 1718 minio
1012 1654 1155 1739 depictas
1181 1679 1201 1719 a

187 1757 343 1842 Vergetio
366 1757 476 1823 fuisse.

188 869 372 934 notationes
396 869 581 954 praebeant,
605 894 633 936 v.
653 892 682 955 g.

256 1884 282 1946 7.
324 1881 457 1950 Urbinas
482 1903 529 1965 pr.
555 1888 597 1948 74
630 1883 721 1947 varia
754 1883 956 1949 arithmetica
984 1886 1025 1949 ab
1052 1907 1117 1949 uno
1147 1908 1201 1951 eo·

189 1990 323 2074 demque
347 1989 480 2054 librario
506 2011 586 2054 saec.
605 1988 683 2054 XVI
711 1994 845 2054 exeunte
869 1990 1031 2075 descripta
1056 1991 1199 2077 exhibet,

187 2118 315 2179 nempe:
348 2096 381 2158 f⁰
408 2098 423 2159 1
455 2096 514 2164 sub
542 2096 638 2161 titulo
673 2099 879 2182 Ψηφοφοοία
911 2093 982 2161 κατ’
1015 2096 1142 2175 Ἰνδοὺς
1175 2099 1197 2182 ἡ

188 2200 347 2286 λεγομένη
390 2202 513 2285 μεγάλη
556 2203 746 2287 opusculum
787 2204 867 2267 illud
909 2209 982 2269 ante
1018 2204 1197 2270 Planudem

188 2307 344 2391 scriptum
369 2309 406 2372 de
430 2330 494 2393 quo
523 2309 709 2392 supradixi
733 2307 781 2395 (p.
801 2308 884 2398 111);
913 2333 951 2374 ex
974 2309 1195 2378 Ottoboniano

188 2414 296 2479 codice
321 2412 545 2500 (Montfaucon
564 2414 589 2499 Ι,
608 2416 672 2481 187
692 2413 732 2502 O)
757 2417 983 2501 depromptum
1001 2417 1137 2482 videtur.
1154 2456 1193 2466 -

188 2522 266 2586 f09
295 2521 518 2606 Diophantum
550 2522 728 2606 integrum,
761 2522 816 2586 sad
848 2523 915 2587 sine
949 2524 1079 2589 scholiis
1111 2527 1195 2610 ullis,

188 2651 227 2692 ex
253 2628 412 2693 Vaticano
440 2649 487 2712 gr.
512 2629 586 2694 304.
617 2665 655 2676 -
685 2629 716 2691 f⁰
736 2630 778 2694 82
807 2651 844 2693 ex
867 2629 1028 2695 Vaticano
1051 2652 1097 2716 gr.
1119 2633 1194 2697 116:
1276 2635 1277 2638 ’

187 2737 314 2818 Σχόλιοι
348 2745 406 2820 της
439 2734 658 2820 ἀριθμητικῆς
690 2736 887 2818 Διοφάντου
919 2745 979 2800 τοῦ
1012 2739 1192 2822 Πλανούδη
1276 2763 1277 2768 ’

187 2851 293 2927 κοοοῦ
307 2843 480 2927 Μαξίμους
498 2846 574 2927 post
592 2843 710 2906 lemma
729 2839 762 2919 ἐξ
777 2840 891 2924 ἑτέρου
910 2849 1096 2927 excerptum
1116 2845 1194 2910 illud
1276 2917 1277 2936 ,

188 2971 226 3014 cx
241 2948 458 3012 Arithmetica
474 2948 606 3032 Georgii
624 2947 853 3032 Pacbymerae‚
873 2949 957 3032 quod
977 2950 1055 3013 iuris
1075 2950 1193 3033 publici
1276 2955 1277 2998 l

187 3057 220 3119 in
244 3055 306 3119 hoc
329 3054 489 3118 volumine
518 3055 594 3139 feci3
624 3055 712 3118 aliud
736 3057 924 3138 excerptum
948 3077 986 3119 cx
1010 3054 1193 3122 Geometria
1276 3073 1277 3102 ³

188 3161 344 3243 eiusdem,
378 3161 416 3224 de
449 3162 693 3226 irrationalibus
725 3162 903 3247 Euclideis3
941 3163 1077 3246 denique
1109 3163 1193 3250 frag·
1276 3165 1277 3172 '

187 3271 330 3330 mentum
350 3265 550 3333 Planudeum
570 3266 696 3333 Calculi
714 3268 818 3333 Indici
837 3269 1051 3354 Diophanteis
1074 3275 1111 3334 ut
1129 3271 1191 3336 dixi

187 3373 315 3458 saepius
340 3374 508 3438 adnexum.

253 3498 283 3564 8.
317 3497 517 3564 orsicianum
535 3498 850 3564 Baroccionam166
877 3521 915 3562 ex
945 3501 1094 3584 catalogo
1122 3505 1189 3566 tan-

185 3609 256 3669 tum
288 3605 379 3689 novi,
415 3627 473 3669 nec
507 3604 667 3687 ampliora
699 3627 796 3688 quam
831 3609 955 3689 partem
990 3605 1065 3670 libri
1098 3607 1192 3691 primi
