2568 3980
166 225 229 290 186
433 225 587 281 SCHOLIA
604 226 644 280 IN
662 225 915 282 DIOPHANTUM.

163 390 221 465 τὰς
244 391 277 470 ῑίγ
293 399 389 473 μο,γ
368 393 494 473 γίνεται
517 390 575 454 υιδ
594 414 634 505 κγ
636 386 773 476 tu'6616‘
791 390 855 473 γάρ
878 390 992 475 1662,
1009 389 1098 477 υιδ),
1124 393 1183 457 διὰ

165 492 202 610 δὲ
165 495 286 578 δτὴν
310 502 421 574 λεῐψιν
443 507 511 560 τῶν
534 493 658 580 ξ55οο,
682 497 717 561 οἵ
738 498 824 561 είσιν
847 507 904 579 κγο
919 520 937 561 τ
963 494 1034 584 (νοοο
1051 498 1116 581 γάρ
1140 500 1182 563 τά

164 601 267 684 ξ,τ,)
296 604 423 684 γίνεται
447 604 511 688 ριδ.
558 603 616 668 ἐάν
638 604 702 688 γάρ
726 601 890 688 άῳέλρς’
872 604 937 668 απὸ
959 615 1027 669 τῶν
1054 606 1171 689 υιδ,“
1151 629 1181 690 τ,

163 617 263 773 λδιπδι
286 710 350 794 ριδ.

137 845 150 886 ⁶
218 812 327 891 Ὅπως
359 812 395 880 66
424 815 442 881 6
475 828 509 885 5ο
532 841 553 881 ν
579 819 707 900 γίνεται
734 827 808 900 κγοο
813 865 823 900 ,
854 813 910 881 καὶ
943 825 1040 882 τοῦτο
1071 819 1181 902 χρεὼν

163 918 289 986 είδέναι
323 921 383 1004 ὡς,
415 921 473 987 έάν
500 946 535 987 τε
559 921 703 988 ἐλάττων
728 923 872 1008 ἀριθμὸς
898 927 1066 1008 μερίζιγται
1089 926 1181 1010 παρά

163 1030 307 1112 μείζονα,
331 1029 389 1093 ἐάν
412 1052 447 1093 τε
471 1023 589 1113 μείζων
609 1030 699 1112 παρά
722 1028 892 1111 έλάττονα,
915 1030 936 1114 6
956 1023 1017 1114 μέν
1034 1035 1181 1114 ποσότης

162 1135 316 1200 τῶνάπὸ
343 1145 405 1201 τοῦ
432 1145 594 1221 μερισμοῦ
622 1138 749 1221 μορίων
774 1135 795 1219 6
824 1135 906 1220 αὐτὴ
936 1134 987 1201 ἀεὶ
1014 1140 1058 1224 τῷ
1089 1162 1180 1223 μερι-

165 1240 288 1330 ζομένῳ
313 1245 419 1326 ἔσται,
447 1244 485 1307 τὸ
509 1240 541 1307 δ’
560 1245 666 1326 ὄνομα
690 1242 801 1307 αὐτῶν
825 1242 1005 1328 ὁμώνυμον
1027 1251 1072 1330 τῷ
1096 1242 1176 1330 παρ’

123 1380 149 1419 10
164 1347 204 1414 ὃν
223 1349 240 1413 6
260 1351 418 1435 μερισμὸς
442 1352 582 1433 γίνεται·
607 1342 692 1432 οἷον,
717 1352 799 1414 έστω
820 1351 952 1434 μερίσαι
970 1351 1030 1416 τὸν
1050 1335 1072 1415 6
1089 1353 1180 1431 παρά

162 1456 222 1520 τὸν
242 1441 295 1539 ιβ,
323 1458 382 1521 τὸν
409 1455 531 1522 ἐλάττω
559 1458 648 1539 παρὰ
675 1457 734 1521 τὸν
758 1458 904 1539 μείζονα·
933 1455 1018 1541 λέγω
1047 1452 1110 1523 οὖν
1134 1459 1180 1535 ὡς

163 1561 331 1646 ἐπιβάλλει
368 1562 486 1649 ἑκάστη
519 1564 641 1648 μονάδι
673 1573 740 1627 τῶν
771 1566 819 1646 ιβ,
844 1547 934 1647 διβο
942 1611 952 1646 ,
989 1564 1072 1647 άπερ
1109 1562 1179 1630 ἐστὶ

163 1680 199 1753 μο
214 1680 276 1752 γοο·
305 1668 359 1734 καὶ
387 1674 456 1735 έστι
480 1671 520 1734 τά
544 1666 604 1753 μὲν
625 1655 650 1733 δ
673 1670 713 1734 τά
737 1670 821 1734 αὐτά
843 1677 888 1756 τῷ
913 1669 1116 1757 μεριζομένῳ
1141 1657 1172 1754 6,

162 1773 262 1840 τὰδὲ
286 1781 320 1857 ιβ
344 1778 433 1864 <τῳ>
455 1773 531 1860 παρ’
552 1775 592 1841 ὃν
616 1776 633 1841 6
658 1777 816 1860 μερισμὸς
838 1779 974 1860 γίνεται,
997 1780 1042 1865 τῳ
1066 1783 1111 1862 ιβ.

123 1910 148 1951 15
230 1883 341 1947 Πάλιν
364 1886 446 1947 ἔστω
471 1887 601 1967 μερίσαι
625 1884 685 1947 τὸν
704 1886 738 1966 ιβ
756 1884 844 1968 παρὰ
867 1869 977 1966 τὸνδ,
1000 1885 1060 1949 τὸν
1079 1888 1178 1968 μείζω

162 1991 251 2072 παρά
277 1990 337 2054 τὸν
361 1988 537 2054 ἐλάττονα
564 1990 689 2057 οὐκοῦν
713 1989 881 2073 ἐπιβάλλει
909 1989 1028 2076 ἑκάστῃ
1055 1990 1178 2074 μονάδι

161 2081 281 2179 τοῦδ,
306 2098 407 2180 ιβδο,
436 2097 573 2179 άπερί
543 2095 649 2161 είσὶ
628 2108 712 2181 γμο·
743 2095 798 2162 καλ
821 2099 890 2162 ἔστι
916 2097 1092 2161 κάνταῦθα
1116 2093 1178 2180 μὲν

163 2188 208 2286 ιβ,
230 2203 252 2287 6
275 2215 343 2269 τῶν
366 2206 493 2289 μορίων
516 2207 669 2287 ποσότης,
693 2203 815 2268 ταύτὸν
836 2211 881 2291 τῷ
905 2201 1107 2290 μεριζομένῳ
1131 2211 1178 2290 τῷ

163 2313 212 2393 ιβ,
235 2311 272 2375 τὸ
296 2307 327 2376 6’
346 2313 451 2396 ὄνομα
475 2311 602 2393 αὐτῶν,
630 2309 780 2376 τουτέστι
802 2311 842 2376 τὰ
866 2312 903 2376 δο
908 2359 918 2394 ,
945 2310 1107 2395 ὁμώνυμα
1130 2318 1176 2399 τῳ

122 2445 147 2483 ιο
161 2413 238 2501 παρ’
256 2415 296 2481 δν
319 2416 337 2482 6
362 2418 520 2503 μερισμὸς
542 2420 679 2500 γίνεται,
702 2425 747 2506 τῷ
773 2401 802 2482 6.

230 2522 364 2589 Οὐκοῦν
387 2522 441 2589 καὶ
466 2523 502 2590 ἐν
524 2525 609 2611 τῳδε
632 2533 677 2612 τῳ
696 2536 756 2606 αγοο
774 2525 992 2607 προβλήματι,
1015 2520 1085 2588 ἐπεὶ
1104 2526 1178 2608 νμο

162 2633 284 2716 μερίζει
297 2633 385 2715 παρὰ
399 2636 440 2716 ιῖγ
454 2628 545 2715 55οοο,
564 2634 696 2715 μείζονα
715 2633 881 2714 ποσότητα
899 2631 988 2712 παρά
1007 2629 1178 2715 ἐλάττονα,

163 2736 311 2823 (μείζονα
344 2735 381 2802 δὲ
413 2738 497 2821 λέγω
530 2738 591 2823 οὐχ
624 2739 675 2804 ὅτι
706 2739 743 2804 αί
766 2738 838 2822 νμο
866 2737 1014 2803 ἐνταῦθα
1046 2740 1178 2821 μείζους

162 2842 226 2910 εἰσὶ
248 2856 316 2908 τῶν
339 2841 477 2927 κ’γ55οοο,
501 2851 570 2910 ἴσαι
593 2847 672 2931 γάρ,
700 2842 843 2911 ἀλλ’ὅτι
866 2843 977 2920 ἁπλῶς
999 2845 1039 2909 τά
1062 2847 1083 2909 ν
1107 2848 1176 2929 μεί-

123 2976 148 3018 εο
164 2951 241 3030 ζονά
268 2952 331 3015 είσι
358 2962 425 3016 τῶν
453 2953 523 3036 ιῖγ),
557 2950 779 3038 μεριζομένων
806 2954 924 3016 τοίνυν
951 2963 1019 3017 τῶν
1042 2953 1063 3015 6
1086 2952 1176 3036 παρά

161 3059 221 3122 τὸν
239 3057 290 3141 ἦ,
315 3056 482 3141 ἐπιβάλλει
506 3057 624 3144 ἑκάστῃ
649 3058 770 3143 μονάδι
792 3068 860 3123 τῶν
878 3061 930 3142 ιῖγ,
953 3059 998 3135 ὡς
1016 3043 1176 3142 μονάδων

162 3164 296 3229 πάντων
323 3163 599 3250 λαμβανομένων,
623 3168 734 3250 νκγο·
766 3166 807 3231 τδι
834 3161 896 3249 μὲν
918 3162 954 3246 ν,
984 3164 1005 3248 6
1033 3167 1177 3248 ποσότης

161 3281 229 3337 τῶν
247 3274 385 3357 μορίων,
408 3273 448 3337 τά
471 3272 555 3338 αὐτά
576 3280 623 3360 τῷ
647 3268 849 3358 μεριζομένῳ
872 3279 917 3358 τῷ
937 3274 975 3334 6·
998 3271 1039 3335 τά
1061 3266 1097 3336 66
1116 3279 1173 3354 κγο

162 3377 322 3462 ὁμώνυμα
344 3387 389 3466 τῳ
413 3376 489 3465 παρ’
509 3379 549 3444 δν
573 3379 590 3444 6
615 3381 783 3463 μερισμός,
806 3385 851 3466 τῷ
875 3382 924 3463 εἰγ.

234 3615 250 3662 5
270 3606 344 3669 ὅπως
363 3607 412 3678 K„
433 3605 506 3676 ὅμως
525 3605 582 3660 alii.
