2578 3984
348 202 598 258 PAGHYMERAE
617 203 876 262 PARAPHRASIS.
1053 203 1117 269 109

99 363 238 451 ταχθεὶς
266 365 409 451 ἀριθμὸς
437 377 471 449 ρ·
503 361 600 443 οὗτος
630 367 826 450 διαιρείσθω
855 369 903 444 είς
931 369 993 432 δύο
1021 367 1119 452 ἀριθ-

100 476 186 558 μοὺς
215 467 263 537 ὧν
291 469 455 557 ἑκατέρων
483 481 543 537 τοῦ
571 469 633 558 μέν
661 471 760 558 μέρος
785 477 842 558 ζον,
869 484 930 539 τοῦ
959 470 996 538 δὲ
1019 476 1119 558 μέρος

100 588 168 663 θον,
203 581 302 663 ἄμφω
336 576 541 644 συντεθέντα
570 581 769 644 ποιείτωσαν
800 579 948 665 ἀριθμὸν
980 582 1040 646 τὸν
1074 566 1119 664 ιβ

99 686 261 772 λαμβάνω
284 688 343 751 τὸν
362 694 496 770 πρῶτον
519 684 765 752 ἑπταπλασίονα
789 688 848 751 τὸν
868 690 885 766 ζ
906 688 988 771 πρὸς
1006 688 1065 752 τὸν
1085 696 1118 770 ᾶ,

100 793 396 876 έναπελείφθησαν
423 791 459 857 έκ
487 803 554 857 τῶν
581 803 617 876 ρ,
636 779 705 876 ζμ-
735 797 817 876 ζητῶ
845 794 967 858 τούτου
993 795 1030 859 τὸ
1054 799 1118 876 θον,
1146 819 1159 859 ε

100 897 174 966 ἀλλ’
193 900 255 965 οὐκ
278 902 361 984 ἔχει·
385 900 595 984 προσβιβάζω
614 902 674 965 τὸν
693 900 852 984 δεύτερον
872 899 1119 966 ἑπταπλασίονα

99 1008 161 1073 τὸν
190 992 228 1072 ἷθ
252 1008 335 1091 πρὸς
362 1009 423 1072 τὸν
450 992 488 1089 β·
517 1005 761 1092 ἀφαιρεθέντος
788 1016 848 1072 τοῦ
870 993 910 1072 αλ
938 1006 974 1072 ἐκ
996 1015 1057 1072 τοῦ
1079 1011 1120 1090 ρ,

101 1113 331 1197 ἑναπελείφθη
365 1113 382 1178 6
414 1118 475 1182 πξ·
510 1117 592 1198 ζητῶ
624 1114 745 1178 τούτου
778 1115 815 1179 τὸ
846 1119 909 1196 θον,
943 1107 1014 1178 ἀλλ’
1042 1111 1115 1179 οὐδ’

102 1215 204 1298 οὗτος
228 1223 308 1305 ἔχει·
339 1220 550 1304 προσβιβάζω
572 1222 633 1284 τὸν
655 1222 769 1301 τρίτον
792 1218 1038 1285 ἑπταπλασίονα
1060 1220 1120 1284 τὸν

100 1330 144 1393 a&
173 1328 257 1412 πρὸς
284 1328 343 1392 τὸν
372 1329 409 1409 μ’
444 1326 670 1410 ἐναπελείφθη
698 1325 734 1391 ἐκ
762 1338 829 1391 τῶν
855 1330 877 1410 ρ
901 1325 918 1392 6
944 1311 1003 1390 αθ·
1037 1330 1119 1410 ζητῶ
1136 1354 1161 1393 ιο

100 1436 226 1500 τούτου
254 1435 291 1499 τὸ
315 1440 383 1517 θον,
411 1430 484 1497 ἀλλ’
503 1430 576 1498 οὐδ’
596 1427 693 1509 οὗτος
722 1435 801 1518 ἔχει·
829 1433 1038 1518 προσβιβέζω
1062 1434 1122 1498 τὸν

101 1539 262 1626 τέταρτον
291 1539 528 1622 ἑπταπλάσιου,
556 1541 616 1605 τὸν
644 1542 689 1624 ἦ
711 1541 794 1625 πρὸς
825 1541 883 1605 τὸν
904 1525 942 1621 6,
982 1537 1037 1604 καλ
1070 1539 1122 1605 ε’ν-

49 1665 58 1690 ν
104 1648 393 1732 απολιμπιίυονται
416 1657 476 1712 τοῦ
498 1650 541 1731 ab}
564 1645 786 1730 ἐκβληθέντος
808 1645 844 1712 έκ
870 1657 939 1712 τῶν
966 1646 986 1732 ρ
1015 1646 1033 1711 6
1062 1631 1121 1729 οβ’

104 1747 204 1831 οὗτος
232 1757 299 1838 ἔχει
326 1759 380 1817 θον
402 1755 461 1818 τὸν
484 1763 521 1837 ἦ·
549 1761 671 1818 τοῦτον
693 1754 796 1836 τὸνῆ
826 1755 1007 1838 συντίθημι
1031 1760 1076 1841 τῷ
1101 1738 1121 1818 6

102 1857 159 1925 καὶ
182 1871 268 1925 ποιῶ
291 1863 351 1926 τὸν
373 1844 426 1943 ἷβ·
454 1858 510 1926 καὶ
540 1862 719 1945 θιαιρεῖταί
741 1883 798 1944 μοι
821 1857 839 1924 6
864 1863 885 1943 ρ
907 1858 1051 1944 ἀριθμὸς
1074 1861 1121 1937 είς
1136 1885 1161 1926 15

103 1967 168 2032 δύο
193 1965 360 2051 ἀριθμοὺς
386 1969 445 2032 τὸν
468 1971 510 2052 iv}
536 1965 592 2032 καὶ
614 1967 675 2031 τὸν
699 1951 740 2050 ᾧ
763 1961 805 2031 οὗ
832 1966 869 2030 τὸ
895 1969 937 2045 ζον
959 1965 1059 2052 μέρος
1080 1967 1121 2030 τὰ

103 2057 125 2136 6
153 2070 209 2137 καὶ
239 2067 280 2154 οὗ
307 2075 344 2139 τὸ
373 2081 426 2138 θον
449 2073 549 2158 μέρος
575 2075 615 2139 τὰ
642 2083 663 2158 ι’]
692 2071 896 2139 συντεθέντα
923 2074 983 2138 τὸν
1012 2073 1120 2138 ἐπιτα-

103 2178 230 2264 χθέυτα
258 2165 294 2263 ᾗ
317 2179 464 2266 ἀριθμὸν
487 2184 716 2265 πεποιήκασιν.

173 2286 271 2369 Πλὴν
295 2285 351 2352 ἐπί
370 2305 437 2352 τισι
460 2289 497 2352 τὸ
521 2295 674 2353 τοιοῦτον
699 2288 873 2371 διαφωνεῖ,
897 2286 956 2351 ἐὰν
974 2286 1038 2352 ἀπὸ
1057 2296 1118 2352 τοῦ

105 2396 259 2478 μείζονος
277 2391 466 2479 ἀρξώμεθα·
486 2393 726 2479 ἐπιταττόμεθα
744 2395 808 2480 γὰρ
828 2404 938 2478 τεμεῖν
955 2395 1016 2458 τὸν
1031 2397 1050 2476 ρ
1065 2391 1119 2459 καλ
1135 2420 1161 2459 20

103 2502 145 2565 τὰ
169 2500 232 2565 δύο
256 2498 338 2585 μέρη
363 2499 526 2588 ἑκατέρων
543 2513 611 2566 τῶν
631 2500 873 2584 διαιρεθέντων
890 2502 929 2564 τό
947 2523 983 2564 τε
1002 2501 1049 2564 θον
1066 2498 1121 2564 καὶ

102 2608 142 2673 τὸ
167 2616 215 2674 ςον
238 2608 443 2673 συντεθέντα
470 2617 607 2692 ποιῆσαι
628 2610 688 2673 τὸν
711 2592 753 2671 καλ
777 2606 932 2692 ἀριθμόν.
979 2606 1010 2670 εί
1036 2614 1122 2688 γοῦν

105 2714 169 2779 ἀπὸ
198 2721 260 2779 τοῦ
288 2712 462 2791 έλιίττονος
489 2714 668 2800 ἀρχώμεθα
697 2722 758 2778 τοῦ
781 2725 844 2796 ςοο,
875 2717 1035 2796 ζητοῦμεν
1062 2713 1121 2776 τὸν

103 2821 282 2904 <πρῶτου>
306 2821 370 2887 ἀπὸ
399 2823 545 2906 μονάδος
574 2820 772 2899 ἑξαπλάσιον
798 2818 853 2886 καί
881 2822 972 2885 ἑστιν
996 2818 1013 2883 ὁ
1036 2822 1057 2887 ’ς’
1081 2814 1122 2884 οὗ

104 2926 205 3014 μέρος
231 2939 278 2996 ςον
305 2928 325 3011 ἡ
354 2928 472 3012 μονάς,
500 2926 555 2993 καὶ
583 2929 873 3012 ἐναπελείφθησαν
903 2912 967 2992 ᾗ·
999 2927 1121 2992 τούτου
1136 2950 1162 2991 εο

107 3037 213 3117 ζητῶν
236 3034 274 3098 τὸ
298 3034 347 3097 θον
371 3033 433 3099 οὐκ
456 3034 609 3119 εὑρίσκω,
633 3035 760 3119 οὐγὰρ
784 3036 865 3119 ἔχει,
889 3032 945 3098 καὶ
969 3035 1025 3099 διὰ
1047 3035 1122 3100 τού-

104 3164 166 3206 του
190 3140 379 3225 προβιβοίζω
403 3138 458 3205 καὶ
482 3135 583 3218 αὖθις
605 3143 642 3205 τὸ
662 3151 708 3210 ςον
726 3143 774 3218 είς
796 3143 855 3208 τὸν
874 3142 1032 3226 δεύτερον
1051 3139 1122 3218 ἑξα-

105 3248 251 3313 πλιίσιον
275 3247 334 3311 τὸν
357 3231 394 3331 ᾧ
416 3242 457 3313 οὗ
480 3249 517 3313 τὸ
541 3259 588 3316 ςον
611 3252 646 3331 β,
671 3245 725 3313 καὶ
750 3247 1039 3334 ἐναπελείφθησαν
1062 3251 1121 3331 π’ή·

106 3401 320 3408 ——---——-

179 3499 213 3547 16
233 3489 279 3566 06]
298 3511 383 3564 supra
401 3494 506 3550 lineam
524 3504 573 3551 τοῦ
591 3487 628 3564 λἰἷ
647 3495 708 3549 cod.
797 3500 829 3548 17
849 3491 895 3568 06]
915 3513 999 3566 supra
1017 3495 1124 3550 lineam

104 3592 154 3639 τοῦ
174 3585 208 3657 οβ
228 3584 288 3639 cod.
