2568 3980
184 249 248 314 134
452 249 605 306 SCHOLIA
623 252 664 306 IN
681 247 845 307 DIOPHAN
848 248 934 303 TUM.

180 411 236 478 καὶ
260 412 508 499 ἀναγεγράφθω
531 417 568 480 τὸ
588 410 644 481 ὑπ’
666 416 777 480 αὐτῶν
795 414 1142 498 παραλληλόγραμμον
1161 413 1202 477 τὸ

181 522 327 585 ΑΒΓΔ.
360 519 445 604 λέγω
464 522 515 586 δτι
534 519 588 586 καὶ
606 523 644 586 τὸ
662 524 798 587 ΑΒΓΔ
816 515 1206 604 παραλληλόγραμμονῷ

181 627 339 710 μονάδων
362 626 440 692 ἐστί.
478 629 653 713 διῃρήσθω
676 629 739 712 γάρ
762 626 783 710 ἡ
807 630 872 692 ΑΒ
896 626 1022 703 εἰςτὰς
1049 626 1203 710 μονάδας

181 733 282 817 αὐτῆς
307 736 370 818 τήν
395 758 430 800 τε
453 739 522 798 ΑΕ
546 733 602 801 καὶ
624 739 688 799 ΕΖ
714 731 770 799 καὶ
794 736 870 817 ΖΒ,
902 730 957 798 καὶ
985 732 1049 797 ἀπὸ
1077 743 1146 798 τῶν
1170 737 1205 797 Β

153 837 234 904 σκαὶ
258 845 285 904 Ζ
311 844 457 925 σημείων
485 842 646 925 ἤχθωσαν
673 841 880 924 παράλληλοι
907 847 947 925 τῇ
975 841 1045 903 ΑΓ
1068 837 1202 904 εὐθεῖαι

179 948 217 1011 αί
237 950 316 1028 EH,
336 952 410 1013 ΖΘ·
435 946 505 1013 ἐπεὶ
528 951 646 1013 τοίνυν
668 947 689 1031 ἡ
713 951 783 1013 ΑΓ
801 947 949 1033 μονάδος
972 943 1040 1012 ἐστὶ
1064 955 1104 1029 οῖ,
1129 948 1201 1010 ἔστι

180 1050 217 1118 δὲ
240 1050 295 1118 καὶ
318 1054 338 1138 ἡ
362 1059 431 1119 ΛΕ
451 1063 510 1139 τῆς
532 1055 633 1141 αὐτῆς
655 1056 802 1140 μονάδος
826 1065 863 1138 α,
890 1052 946 1119 καὶ
970 1053 1049 1119 ὅλον
1073 1054 1137 1139 ἀρα
1162 1055 1201 1119 τὸ

180 1164 257 1225 ΛΗ
275 1161 422 1244 μονάδος
445 1164 537 1227 ἔσται
560 1171 595 1226 ἇ·
619 1163 723 1247 μονάς
745 1163 808 1246 γάρ
831 1159 884 1227 ἐπὶ
903 1161 1044 1245 μονάδα,
1068 1161 1202 1245 μονάδα

179 1277 275 1332 ποιεῖ.
313 1268 368 1332 διά
391 1269 432 1332 τά
459 1266 543 1332 αὐτά
571 1267 612 1351 δὴ
641 1264 696 1332 καὶ
724 1267 764 1331 τά
787 1271 851 1331 ΕΘ
877 1264 933 1331 καὶ
962 1270 1024 1330 ΘΒ
1051 1266 1201 1350 μονάδος

139 1397 165 1436 10
180 1377 271 1439 ἔσται
285 1372 455 1458 ἑκάτερον·
473 1374 554 1439 ὅλον
568 1375 632 1459 άρα
645 1374 683 1439 τὸ
699 1376 836 1439 ΑΒΓΔ
849 1376 1201 1459 παραλληλόγραμμον

178 1480 337 1566 μονάδων
361 1482 452 1545 ἔσται
474 1485 508 1565 μ’
532 1481 612 1564 ὅπερ
637 1482 705 1545 ἔδει
729 1480 842 1560 δείξαι.

433 1729 494 1812 ΑΙ)
518 1728 848 1796 ΒΕΒΙΝΙΤΙΟΝΕΜ
871 1728 943 1795 VII.

181 1980 200 1987 ⁸
244 1891 301 1954 ΙΓ.
334 1886 538 1974 Ὁμώνυμα
556 1890 674 1975 μόριά
693 1891 757 1954 εἰσι
776 1900 847 1966 τοῖς
865 1888 1034 1974 ἀριθμοῖς,
1052 1899 1125 1965 τοῖς
1138 1884 1201 1972 μὲν

178 1999 200 2078 β
222 1998 259 2094 τί)
283 1997 386 2080 ἥμισυ
413 1997 487 2079 ἤτοι
515 1998 675 2078 δυοστόν,
703 2007 773 2072 τοῖς
798 1992 835 2060 δὲ
857 2000 879 2075 ν
905 1997 943 2061 τὸ
971 1998 1101 2079 τρίτον,
1130 2006 1202 2073 τοῖς

139 2123 164 2163 ω
180 2098 215 2167 δὲ
240 2103 260 2166 δ
288 2103 324 2168 τὸ
352 2100 524 2187 τέταρτον,
558 2100 613 2167 καὶ
641 2101 770 2186 ἐφεξῆς·
801 2096 873 2168 ἀλλ’
900 2101 942 2168 οὐ
969 2101 1055 2185 λέγω
1084 2105 1201 2186 τρίτον

178 2210 280 2292 τυχὸν
301 2211 339 2275 τὸ
358 2219 426 2273 τῶν
444 2218 466 2292 μ
483 2211 607 2293 τρίτον,
630 2208 651 2292 ἢ
670 2206 828 2293 τέταρτον
845 2209 884 2274 τὸ
902 2220 971 2274 τῶν
990 2195 1011 2274 δ
1027 2208 1200 2293 τέταρτον,

178 2314 285 2381 ἐκεῖνο
309 2316 373 2399 γάρ
397 2316 502 2400 μονάς
525 2315 631 2399 ἐστιν,
659 2317 742 2381 ἀλλά
764 2317 802 2381 τὸ
824 2325 883 2401 τῆς
910 2316 1057 2401 μονάδος
1083 2318 1200 2399 τρίτον

177 2421 198 2506 ἢ
231 2420 404 2505 τέταρτον·
442 2423 523 2509 ὅπερ
555 2423 735 2507 ὁμώνυμον
767 2423 897 2500 πάντως
929 2421 1020 2488 ἐστὶν
1052 2423 1200 2508 ἀριθμῷ,

179 2526 253 2613 οὐχὶ
277 2531 396 2615 μόριον
420 2528 550 2595 ἐκείνου
573 2531 628 2613 δν,
661 2530 744 2595 ἀλλὰ
767 2540 824 2614 τῆς
850 2530 1012 2613 μονάδος,
1045 2526 1100 2595 καὶ
1128 2533 1202 2594 ἔστι

138 2657 164 2698 20
177 2637 215 2701 τὸ
239 2633 300 2721 μὲν
323 2639 437 2721 τρίτον
460 2637 562 2719 αὐτῆς
589 2636 771 2722 ὁμώνυμον
798 2638 844 2726 τῷ
867 2664 888 2723 γ
912 2636 1062 2724 ἀριθμῷ,
1094 2637 1131 2702 τὸ
1161 2633 1200 2702 δὲ

177 2741 335 2828 τέταρτον
358 2745 403 2832 τῷ
427 2728 459 2826 δ,
483 2741 537 2809 καὶ
561 2742 685 2829 ἐφεξῆς.

245 2871 307 2933 ΙΔ.
341 2865 605 2952 Ἀριθμοστὸν
628 2862 701 2950 οὖν,
727 2871 843 2952 φησίν,
868 2865 929 2933 ἐπὶ
949 2867 1200 2953 ἀριθμοστὸν

177 2983 286 3038 ποιεί
307 2974 569 3057 δνναμοστόν·
593 2972 742 3040 τουτέστι
761 2985 809 3059 2¹⁰⁹
828 2972 881 3041 ἐπὶ
899 2985 958 3060 7⁰⁷,
977 2981 1040 3059 θω,
1063 2975 1138 3057 ἤτοι
1159 2974 1198 3039 τὸ

177 3088 226 3161 μθ*
247 3088 309 3143 τοῦ
331 3091 381 3163 μου
403 3073 457 3144 δί’
479 3078 557 3144 ἐστι.

136 3208 165 3249 25
241 3184 308 3250 Καὶ
338 3186 546 3271 ἀριθμοστὸν
578 3185 632 3252 ἐπὶ
664 3188 876 3273 δυναμοστὸν
903 3199 993 3254 ποιεί
1016 3190 1200 3272 κυβοστόν·

177 3292 328 3357 τουτέστι
346 3303 394 3376 7⁰⁹
417 3287 466 3357 ἐπ’
489 3299 541 3358 θον
559 3304 649 3359 ποιεί
666 3297 740 3379 κζΜ,
763 3296 837 3377 ἦτοι
855 3296 892 3359 τὸ
911 3304 959 3378 y⁰⁹
983 3305 1044 3361 τοῦ
1061 3301 1116 3359 θθυ
1134 3291 1201 3374 ιιζόν

177 3400 261 3465 ἐστι·
285 3400 396 3484 ὥσπερ
419 3400 482 3486 γάρ
506 3397 559 3465 ἐπὶ
582 3411 649 3466 τῶν
672 3401 828 3485 ἀριθμῶν
851 3403 892 3466 τά
914 3405 936 3486 μ
959 3399 1011 3467 ἐπὶ
1033 3403 1094 3467 τὸν
1112 3405 1144 3488 μ,
1167 3387 1201 3468 θ

178 3504 293 3590 ἐποίει,
307 3504 363 3571 καὶ
378 3509 418 3572 τά
432 3514 453 3589 ν
468 3505 520 3572 ἐπὶ
534 3510 593 3574 τὸν
607 3494 644 3590 θ,
658 3493 705 3590 ιἰξ,
725 3508 830 3585 οὕτως
849 3506 902 3572 ἐπὶ
921 3518 990 3573 τῶν
1008 3507 1199 3594 ὁμωνύμων

174 3613 292 3691 αὐτοῖς
314 3616 442 3701 μορίων
465 3623 523 3699 τῆς
546 3615 701 3700 μονάδος.
