2570 3988
295 257 529 314 DIOPHANTUS
548 257 875 314 PSEUDEPIGRAPHU
878 261 904 315 S.
1066 259 1109 324 25

23 433 73 481 25
148 421 259 488 Ἔστω
284 421 452 507 ἑξάγωνον
474 420 530 487 καὶ
549 420 646 506 ἐχέτω
665 423 727 506 τὴν
746 423 924 508 διάμετρον
941 426 974 486 κ·
998 422 1109 507 εὑρεῖν

89 530 196 595 αὐτοῦ
232 531 293 614 τὴν
324 529 481 615 πλευράν.
526 533 614 594 ποίει
647 529 764 605 οὑτως·
801 528 959 612 πάντοτε,
995 530 1110 606 καθὼς

88 646 267 721 προεῖπον,
298 637 360 720 τὴν
384 637 562 722 διάμετρον
589 641 778 712 καθολικῶς
808 638 1032 719 τριπλασίαζε,
1060 638 1109 718 γί-

88 768 207 810 νονται
236 745 266 821 ξ·
298 741 353 808 καὶ
381 742 500 829 μέριζε·
534 738 582 808 ὧν
610 741 654 825 ς’,
688 742 802 825 ἐπειδὴ
831 741 998 824 ἑξάγωνόν
1031 741 1109 828 ἐστι,

89 854 217 934 γίνεται
240 849 260 932 ἡ
283 851 413 936 πλευρὰ·
428 853 453 914 ῖ.
492 858 654 914 τοσοῦτον
676 851 768 914 ἔσται
786 847 806 932 ἡ
826 850 953 934 πλευρά
976 849 1107 914 τούτου.
1136 871 1149 911 5

15 951 68 1016 '26
155 953 234 1023 Ἐάν
257 955 360 1043 θέλῃς
382 957 443 1040 τὴν
468 957 645 1042 διάμετρον
668 956 779 1041 εὑρεῖν
803 955 865 1021 άπὸ
889 963 947 1038 τῆς
965 961 1109 1039 πλευρᾶς

89 1074 150 1131 τοῦ
184 1064 304 1149 αὑτοῦ,
337 1068 425 1129 ποίει
456 1065 493 1130 τὸ
527 1064 692 1129 ἀνάπαλιν
726 1062 843 1140 οὕτως’
875 1063 1016 1128 πάντοτε
1047 1063 1109 1146 τὴν

87 1173 238 1256 πλευράν
256 1175 344 1236 ποίει
363 1169 479 1254 ἑξάκις,
500 1170 613 1254 ἐπειδὴ
629 1169 798 1253 ἑξάγωνόν
815 1169 893 1252 ἐστι,
913 1171 1064 1251 γίνονται
1080 1169 1109 1248 ξ

88 1280 164 1363 άρτι
188 1277 296 1364 μέριζε
324 1283 523 1355 καθολικῶς·
556 1273 605 1343 ὧν
628 1274 679 1361 γ’,
706 1279 859 1360 γίνονται
881 1283 910 1341 κ.
947 1285 1109 1342 τοσοῦτον

88 1390 172 1451 ἔστω
196 1386 217 1470 ἡ
241 1386 416 1470 διάμετρος
438 1394 498 1450 τοῦ
523 1384 700 1467 ἑξαγώνου.
1125 1407 1150 1446 ιο

28 1501 67 1549 27
148 1491 289 1560 ’‘'E6vm
273 1493 466 1574 επτάγωνον
483 1490 539 1557 καὶ
558 1484 656 1576 έχέτω
675 1493 737 1576 τὴν
752 1491 964 1576 ὑιάμετρον“
944 1509 977 1556 κ
997 1491 1108 1572 εὑρεῖν

88 1600 196 1665 αὐτοῦ
222 1601 285 1696 τὴν
313 1600 471 1684 πλευράν.
512 1601 601 1664 ποίει
630 1598 748 1674 οὑτως
780 1598 920 1663 πάντοτε
947 1599 1009 1682 τὴν
1038 1598 1108 1662 θιά-

87 1729 212 1792 μετρον
231 1711 419 1782 καθολικῶς
437 1708 657 1791 τριπλασίαζε,
680 1708 832 1788 γίνονται
852 1705 920 1784 ξ”
904 1707 981 1804 άρτι
1000 1703 1108 1789 μέριζε

86 1813 264 1898 παρὰν
201 1813 264 1896 τὴν
286 1813 525 1897 θπολύγωνον,
547 1809 698 1877 τουτέστι
720 1813 810 1895 παρὰ
827 1835 888 1876 τον
908 1815 932 1894 ζ
955 1815 1108 1895 γίνονται

87 1916 156 2002 fil]
173 1917 230 1984 ιδ’.
267 1929 429 1985 τοσοῦτον
453 1923 544 1986 ἔσται
568 1919 587 2002 ἡ
611 1920 738 2004 πλευρά
761 1927 822 1983 τοῦ
847 1917 1048 2002 ἑπταγῶνου.
1123 1939 1148 1978 15

29 2037 66 2086 28
154 2020 232 2091 Ἐάν
254 2024 358 2112 θέλῃς
380 2029 441 2112 τὴν
465 2027 643 2112 διάμετρον
667 2025 778 2111 εὑρεῖν
802 2025 865 2090 ἀπὸ
889 2034 947 2109 τῆς
964 2029 1108 2110 πλευρᾶς

87 2142 149 2198 τοῦ
182 2133 303 2214 αὐτοῦ,
336 2136 424 2199 ποίει
456 2135 493 2199 τὸ
527 2133 691 2198 ἀνάπαλιν
724 2133 841 2209 οὑτως·
873 2133 1015 2197 πάντοτε
1047 2133 1108 2216 τὴν

87 2241 237 2325 πλευράν
260 2238 406 2325 ἑπτάκις,
437 2240 549 2324 ἐπειδὴ
579 2237 767 2324 ἑπτάγωνός
790 2239 874 2320 ἑστι,
902 2242 1054 2322 γίνονται
1078 2241 1107 2318 ξ·

87 2347 164 2428 άρτι
187 2345 295 2433 μέριζε
323 2353 524 2425 καθολικῶς·
553 2343 601 2413 ὧν
624 2345 670 2431 γ’,
699 2351 852 2430 γίνονται
874 2349 903 2412 κ.
944 2355 1106 2412 τοσοῦτον

87 2455 180 2517 ἔσται
203 2452 224 2536 ἡ
249 2453 432 2539 διάμετρος.
1121 2475 1149 2514 2⁰

33 2569 69 2618 29
147 2558 256 2625 Ἔστω
276 2561 468 2645 ὀκτάγωνον
486 2560 541 2627 καὶ
561 2561 658 2646 ἐχέτω
677 2563 739 2646 τὴν
754 2562 932 2646 διάμετρον
945 2563 979 2625 τί·
996 2560 1108 2643 εὑρεῖν

88 2666 194 2732 αὐτοῦ
221 2667 283 2751 τὴν
310 2669 466 2754 πλευράν.
507 2678 591 2733 ποιῶ
625 2668 743 2743 οὑτως·
774 2669 916 2733 πάντοτε
948 2668 1009 2751 τὴν
1038 2667 1107 2731 θιά-

88 2797 211 2859 μετρον
234 2773 399 2858 πεντάκις,
421 2777 574 2857 γίνονται
598 2780 630 2856 ρ’
654 2774 729 2859 άρτι
751 2775 882 2857 μερίζω·
908 2767 955 2837 ὧν
975 2770 1034 2855 ιβ’,
1058 2775 1107 2856 γί-

87 2903 206 2945 νονται
229 2877 305 2964 ιη’.

34 2996 68 3045 30
153 2983 232 3050 Ἐάν
247 2983 284 3051 δὲ
296 2987 402 3073 θέλῃς
413 2989 474 3072 τὴν
489 2987 667 3072 διάμετρον
682 2986 793 3071 εὑρεῖν
808 2985 872 3051 άπὸ
886 2994 943 3069 τῆς
953 2989 1107 3072 πλευρᾶς,
1121 3007 1148 3046 25

161 3203 244 3252 25:
259 3197 470 3269 Geep.148.-
491 3204 574 3252 26=
590 3196 675 3266 Geep
687 3203 797 3252 149-
813 3195 986 3266 27=Geep
998 3201 1057 3251 150
1074 3227 1107 3236 -

88 3269 403 3339 28=Geep.151.—
424 3217 682 3338 29=Geep1f>p2
720 3267 761 3323 De
787 3267 925 3322 diametro
950 3214 1073 3322 circuli'
1065 3285 1106 3320 1n-

88 3340 239 3412 scriptii
208 3341 255 3396 hic
274 3342 334 3411 agit
335 3359 430 3397 ur.-
397 3346 533 3398 --230
549 3287 710 3410 Gepep.153

161 3559 195 3606 14
213 3554 390 3627 πολύγωνον]
409 3555 574 3626 πολογῶνον
593 3554 749 3624 ὀνομασίαν
768 3553 840 3610 coni
858 3553 987 3607 Hultsch.
1026 3557 1059 3605 18
1079 3553 1106 3624 ξ]

88 3644 182 3715 μθΑ.
239 3649 272 3698 19
291 3645 321 3716 κ]
341 3660 369 3704 ις
386 3645 412 3698 Α
430 3646 473 3715 (ac
493 3643 517 3698 si
535 3643 610 3698 latus
630 3643 729 3697 datum
747 3643 848 3698 foret7
836 3645 869 3712 7)
