2568 3980
452 178 604 234 SCHOLIA
622 178 661 232 IN
679 177 931 234 DIOPHANTUM.

488 449 548 516 AD
572 447 809 515 PROBLEMA
832 448 886 513 XI.

635 608 697 661 sa

415 699 593 783 ἐιμοῐι
726 702 954 782 εᾱωμθρ

428 807 953 890 ιᾱμοιῑίσ.εεῷωμθῐ

427 913 795 996 5,ο“ιμθῆτίθ.55’ν

516 1005 797 1103 wticlmsfi

516 1110 797 1210 wAEWS&

432 1227 623 1320 ffiwff
731 1232 892 1318 Ήάξ

248 1373 304 1441 Ἐν
326 1371 388 1460 μὲν
410 1384 456 1463 τῷ
481 1377 605 1464 δεκάτῳ
628 1388 701 1455 ταῖς
724 1378 845 1462 μονάσι
868 1378 1052 1461 προσετίθη
1075 1374 1096 1458 ἢ
1117 1372 1204 1460 ἀφῄ-

148 1517 173 1557 10
187 1507 237 1569 ρει
264 1484 324 1547 τὸν
347 1482 450 1548 αὐτὸν
475 1482 637 1568 ἀριθμόν,
664 1482 719 1550 καὶ
749 1486 804 1549 διά
830 1492 929 1549 τοῦτο
958 1483 1037 1566 ἐνῆν
1061 1477 1116 1547 ὁτὲ
1139 1477 1204 1566 μὲν

184 1593 243 1656 τὸν
266 1590 328 1674 τήν
351 1589 529 1675 ἀφαίρεσιν
550 1593 721 1673 παθόντα,
745 1587 799 1658 ὁτὲ
824 1588 861 1655 δὲ
883 1592 944 1656 τὸν
966 1589 1028 1673 τήν
1049 1591 1204 1674 προσθή-

185 1720 248 1779 κην
276 1695 472 1781 δεξάμενον,
499 1700 632 1780 μείζονα
661 1693 748 1763 εἶναι
775 1706 836 1762 τοῦ
864 1702 997 1762 λοιποῦ·
1027 1694 1063 1760 ἐν
1090 1693 1127 1761 δὲ
1155 1703 1203 1782 τῷ

187 1815 240 1867 ιαθ
264 1801 315 1867 ἀεὶ
343 1803 360 1868 6
387 1805 449 1888 τήν
477 1807 675 1890 προσθήκην
702 1808 787 1890 ἔχων
819 1808 940 1888 μείζων
971 1804 1203 1889 ληφθήσεται·

187 1910 415 1994 ἀντιστρόφως
447 1912 510 1994 γάρ
543 1913 608 1996 ἔχει
641 1911 773 2001 ἐκείνῳ,
811 1912 862 1976 ὅτι
898 1911 962 1976 ἀπὸ
999 1919 1059 1976 τοῦ
1096 1910 1204 1975 αὐτοῦ

148 2049 173 2088 15
188 2016 336 2102 ἀριθμοῦ
368 2021 593 2102 προστίθησιν
623 2019 645 2103 ή
678 2019 814 2104 ἀφαιρεῖ
843 2020 901 2095 τάς
935 2018 1095 2103 μονάδας·
1134 2015 1207 2081 ἐκεῖ

187 2122 249 2208 μὲν
272 2126 335 2211 γάρ
364 2125 490 2208 ἀδήλου
518 2129 615 2204 ὄντος
642 2137 703 2193 τοῦ
731 2127 879 2211 ἀριθμοῦ
902 2129 1015 2191 πόσων
1039 2135 1075 2209 μθ
1098 2124 1203 2205 ἐστίν,

188 2232 315 2314 ἀδηίον
332 2228 375 2316 ἦν
393 2235 531 2317 πότερος
550 2233 692 2320 ποτέρου
711 2236 845 2319 μείζων·
870 2225 945 2299 οἷον
963 2233 1007 2310 ὡς
1026 2230 1079 2297 ἐπὶ
1097 2252 1203 2316 παρα-

189 2340 364 2423 δείγματος
386 2342 535 2406 ἒστωσαν
554 2351 590 2424 μθ
606 2354 619 2405 ῑ
635 2338 691 2406 καὶ
713 2353 750 2426 μθ
764 2347 805 2422 β·
830 2351 901 2417 ταῖς
924 2337 985 2424 μὲν
1004 2343 1026 2422 β
1040 2349 1077 2423 μθ
1100 2353 1204 2420 προσ-

187 2449 313 2511 κείσθω
338 2447 481 2532 ἀριθμός
503 2470 568 2530 τις,
593 2447 657 2513 ἀπὸ
677 2444 714 2513 δὲ
732 2459 799 2513 τῶν
819 2461 832 2512 ῑ
849 2447 1039 2532 ἀφηρήσθω
1054 2446 1072 2512 6
1087 2446 1203 2522 αὐτός·

150 2552 243 2622 mal
270 2556 354 2619 ἔστω
382 2554 400 2619 δ
428 2549 490 2638 μὲν
517 2547 554 2623 ὅθ’
574 2539 697 2640 ἇμθδ,
727 2555 745 2621 6
770 2551 806 2620 δὲ
833 2550 1055 2639 μθῑήεεθθᾶ.
1102 2552 1161 2617 ἐάν
1186 2550 1204 2616 ὁ

188 2646 260 2741 Ξθδ
277 2671 313 2745 μθ
337 2652 374 2746 ᾖ,
398 2661 415 2727 6
435 2658 496 2746 μὲν
516 2663 607 2726 ἔσται
630 2673 667 2745 μθ
683 2647 718 2746 δ,
743 2663 760 2728 ὁ
781 2658 817 2727 δὲ
840 2671 876 2746 η’,
900 2659 954 2727 καὶ
974 2663 1064 2725 ἔσται
1084 2661 1205 2742 μείζων

189 2767 207 2832 6
230 2768 292 2850 τήν
316 2767 494 2852 ἀφαίρεσιν
517 2769 677 2845 ὑποστάς·
701 2767 743 2833 ἀν
767 2764 803 2833 δὲ
826 2760 847 2853 ᾗ
870 2761 906 2837 5θ’
924 2777 956 2851 ἓ,
986 2767 1004 2833 6
1027 2763 1090 2850 μὲν
1113 2768 1206 2831 ἔσται

189 2884 225 2957 μθ
240 2859 269 2957 ξ,
294 2873 312 2939 6
337 2871 374 2939 δὲ
394 2882 427 2958 ἓ,
451 2873 506 2939 καὶ
529 2877 620 2941 ἔσται
639 2878 758 2959 μείζων
778 2875 795 2940 6
814 2877 875 2960 τήν
893 2876 1093 2957 προσθήκην
1114 2872 1206 2952 δεξά-

190 3003 296 3063 μενος.
331 2978 478 3045 ἐνταῦθα
502 2977 540 3046 δὲ
563 2979 632 3046 ἐπεὶ
654 2989 700 3068 τῷ
724 2981 812 3068 αὐτῷ
836 2981 969 3068 ἀριθμῷ
994 2979 1049 3045 καὶ
1069 2985 1206 3067 προστί-

150 3113 176 3150 25
190 3091 287 3150 θεται
314 3087 331 3152 6
361 3086 511 3152 ἐλάσσων
535 3085 589 3153 καὶ
618 3086 806 3174 ἀφαιρεῖται
830 3088 847 3153 6
872 3091 1005 3171 μείζων,
1034 3089 1207 3173 πρόδηλον

191 3193 236 3268 ὡς
267 3191 319 3257 ἀεὶ
351 3194 369 3259 6
402 3196 464 3279 τήν
499 3197 698 3280 προσθήκην
736 3194 913 3278 δεξάμενος
948 3197 1068 3279 μείζων
1106 3197 1206 3260 ἔσται.

190 3301 456 3386 προσδιορισμοῦ
488 3301 601 3385 με’ντοι
634 3297 714 3367 οὐδὲ
746 3310 845 3367 τοῦτο
878 3303 999 3386 δεῖται,
1033 3299 1114 3366 οὐδὲ
1149 3302 1207 3368 ἐάν

265 3571 298 3620 15
314 3567 458 3636 ἀφαιρεῖν.
519 3547 523 3554 ’
