2570 3988
150 205 191 268 12
352 203 586 260 DIOPHANTUS
605 204 961 260 PSEUDEPIGRAPHUS.

148 370 266 452 μοίρας
298 370 508 452 μεριζόμεναι
540 371 658 454 μοίρας
689 377 861 450 ποιοῦσιν,
894 366 1097 453 ζητουμένου
1129 365 1168 434 δὲ

147 483 208 539 τοῦ
231 471 306 560 περὶ
328 486 396 539 τῶν
419 473 487 552 ἔξων
509 477 624 557 λόγον,
647 472 724 559 περὶ
745 475 867 539 τούτου
891 473 1025 557 ῥητέον·
1054 474 1166 540 ἰστέον
1196 533 1198 538 .

147 583 279 664 τοίνυν,
313 580 497 646 ὁποιονοῦν
529 575 618 657 εἶόος
650 586 777 646 λεπτῶν
799 578 858 645 ἐπὶ
885 581 922 645 τὸ
950 582 1014 666 πρὸ
1043 579 1167 651 ἑαυτοῦ

27 743 30 750 .
147 685 306 773 προσεχὲς
335 690 565 773 μεριζόμενον,
598 687 636 752 ἓν
664 686 845 753 ὁποιονοῦν
872 696 939 752 τῶν
967 688 1031 770 πρὸ
1060 688 1168 753 αὐτοῦ

58 877 61 884 ¹
121 787 237 870 εείόος
258 805 357 877 ποιεῖ,
381 792 481 880 χωρὶς
504 804 570 886 τῶν
593 795 733 875 πρώτων
757 799 886 858 λεπτῶν
908 796 1036 878 μόναν·
1060 797 1079 860 ι’
1100 797 1165 879 γὰρ
1272 800 1273 848 1

147 901 250 984 τυχὸν
273 903 374 966 λεπτὰ
397 912 510 986 πρῶτα
529 885 658 985 παρολό
681 904 800 986 μοίρας
822 904 1027 987 μεριζόμενα,
1051 914 1167 1002 πρῶτα

147 1008 266 1071 λεπτὰ.
283 1018 374 1073 ποιεί
406 1018 440 1072 ε·
475 1004 531 1072 καὶ
568 1008 717 1093 φανερὸν
754 1007 805 1073 ότι
841 1008 881 1071 τὰ
916 1019 1029 1093 πρῶτα
1064 1011 1166 1073 λεπτὰ
1273 1035 1274 1048 ι

146 1115 235 1196 παρὰ
260 1114 297 1179 τὸ
320 1117 384 1196 πρὸ
409 1113 520 1179 αὐτῶν
546 1109 636 1190 είόος
660 1112 872 1199 μερισθέντα,
901 1113 1051 1183 τουτέστι
1075 1116 1167 1198 παρὰ

147 1222 279 1304 μοίρας,
302 1223 339 1286 τό
363 1219 396 1299 ἐξ
420 1220 521 1305 ἀρχῆς
545 1223 634 1285 ίόιον
658 1216 746 1299 εἶδος
767 1223 940 1304 πεποίηκε,
965 1232 1079 1306 πρῶτα
1099 1223 1165 1307 γὰρ

107 1348 133 1387 ιο
147 1326 337 1412 μεμένηκεν.
638 1411 641 1419 Ι

210 1431 283 1498 Ἐπὶ
311 1431 348 1499 δὲ
376 1443 443 1499 τῶν
471 1436 551 1518 μετὰ
578 1443 681 1499 ταῦτα
709 1433 770 1518 οὐχ
801 1434 906 1511 οὕτως
939 1437 1166 1519 ἔχειλοιπῶν

136 1541 260 1605 ἐἰδῶν
294 1542 432 1627 δεύτερα
459 1543 523 1624 γὰρ
550 1543 640 1626 παρὰ
666 1543 707 1607 τὰ
734 1551 880 1628 προσεχῆ
910 1541 1024 1619 αὐτοῖς
1051 1553 1166 1627 πρῶτα

146 1649 353 1731 μεριζόμενα,
376 1657 490 1728 πρῶτα
513 1660 613 1732 ποιεί,
636 1631 826 1713 ααλόὐκέτι
848 1649 888 1712 τὰ
907 1648 991 1713 αὐτὰ
1010 1649 1166 1731 δεύτερα·

146 1762 245 1819 τοῦτο
275 1750 312 1818 δὲ
340 1753 425 1840 ῥᾷον
457 1754 629 1838 ἐπιστῆσαι
661 1754 697 1819 ἐκ
729 1765 796 1820 τῶν
828 1753 938 1843 ἐπάνω
972 1752 1165 1840 εἰρημένων.

107 1885 133 1925 15
147 1857 276 1944 ἐλέγετο
301 1857 338 1925 δὲ
366 1860 416 1925 ὅτι
444 1862 498 1952 όεί
524 1863 657 1944 ζητῆσαι
685 1859 832 1946 ἀριθμὸν
860 1860 897 1937 ὃς
924 1858 1166 1944 συντιθέμενος
1278 1911 1279 1916 1

147 1965 200 2032 ε’πὶ
229 1967 289 2031 τὸν
320 1965 397 2052 παρ’
435 1967 476 2032 ὃν
507 1969 634 2050 γίνεται
667 1966 685 2033 ὁ
716 1969 891 2052 μερισμός,
923 1965 979 2032 καὶ
1011 1968 1051 2032 τὰ
1084 1966 1163 2052 ἑξῆς.
1279 1992 1280 2004 ’

146 2073 320 2140 κάνταῦθα
344 2068 466 2139 οὖντὸ
490 2073 572 2139 αὐτό
596 2073 678 2138 ἐστι’
702 2075 756 2138 όεί
775 2075 839 2158 γὰρ
862 2077 996 2158 ζητῆσαι
1015 2071 1164 2157 όρνθμὸν

147 2181 184 2257 ὃς
214 2178 453 2264 συντιθέμενος
485 2177 538 2244 ἐπὶ
567 2180 629 2244 ,τὸν
661 2182 835 2264 μερίζοντα
866 2180 997 2255 πάντας
1028 2190 1165 2264 ποιῆσαι

148 2287 274 2371 ὀφείλει
296 2287 334 2351 τὸ
358 2288 573 2370 μεριζόμενον
597 2281 699 2364 εἶδος·
723 2290 805 2367 [ἔστι
830 2283 867 2351 δὲ
891 2285 908 2350 ὁ
928 2287 1163 2369 εὑρισκόμενος

106 2417 133 2457 εο
147 2389 233 2474 δῖ’]
257 2399 385 2479 είρηται
409 2390 446 2458 δὲ
470 2393 506 2458 ἐν
528 2403 599 2470 τοῖς
625 2398 953 2476 πολλαπλασιασμοῑς
979 2391 1035 2458 καὶ
1063 2402 1165 2459 τοῦτο

147 2500 198 2564 ότι
230 2510 330 2585 μοῖρα
362 2502 436 2584 ἢτοι
468 2493 600 2585 μοῖραι,
638 2496 691 2584 ἐφ’
727 2499 745 2564 ὃ
779 2498 820 2563 ἂν
854 2493 943 2576 εἶδος
976 2504 1164 2566 πολλαπλα-

148 2614 348 2693 σιασθῶσιν,
379 2607 417 2671 τὸ
450 2606 532 2671 αὐτὸ
561 2600 649 2682 είόος
681 2605 898 2690 φυλάξουσιν.
937 2591 971 2670 ἐί
998 2602 1034 2671 δὲ
1061 2615 1164 2671 ταῦτα

148 2713 264 2796 οὕτως,
287 2712 341 2779 ιιαὶ
365 2713 530 2778 ἀνάπαλιν
553 2721 619 2776 πᾶν
642 2707 732 2788 εἶδος
753 2713 843 2798 παρὰ
865 2723 986 2797 μοῖραν
1006 2711 1028 2798 ἢ
1047 2716 1166 2796 μοίρας

147 2823 380 2906 μεριζόμενον,
417 2821 491 2903 ἢτοι
526 2820 840 2904 παραβαλλόμενον,
881 2820 919 2884 τὸ
956 2819 1037 2884 αὐτὸ
1075 2815 1166 2898 είόος
1278 2887 1279 2892 ,

107 2950 133 2990 ει
148 2926 295 3012 φυλάξει.
343 2937 457 3011 πρῶτα
491 2921 527 2990 δὲ
545 2927 661 2991 -λεπτόι
693 2926 782 3011 παρὰ
817 2936 931 3011 πρῶτα
967 2929 1166 3012 μεριζόμενα

148 3036 265 3119 μοίρας
283 3043 381 3124 ποιεί,
401 3033 511 3115 ὥσπερ
525 3032 581 3098 καὶ
595 3044 709 3118 μοῖραι
723 3030 776 3098 ἐπὶ
790 3035 891 3099 λεπτοὶ
909 3044 1023 3118 πρῶτα
1041 3039 1164 3100 πολλα-

147 3141 403 3223 πλασιαζόμενοι
427 3139 564 3205 ἐποίουν
587 3141 687 3205 λεπτὰ
710 3149 835 3224 πρῶτα·
863 3139 987 3224 ὁμοίως
1009 3138 1065 3206 καὶ
1089 3143 1165 3206 θεύ-

146 3271 225 3332 τερα
260 3246 349 3331 παρὰ
387 3246 525 3332 δεύτερα
562 3251 695 3333 μοίρας,
731 3245 785 3312 καὶ
816 3249 910 3331 τρίτα
946 3249 1035 3332 παρὰ
1070 3251 1165 3332 τρίτα

147 3355 342 3438 μεριζόμενα
365 3356 483 3439 μοίρας
505 3355 651 3438 ποιήσει,
682 3351 752 3419 ἐπεὶ
774 3351 830 3418 καὶ
852 3363 966 3438 μοῖραι
989 3351 1042 3418 ἐπὶ
1068 3356 1165 3439 τρίτα

219 3517 365 3568 1ποιοῦοι
384 3511 417 3567 Α.
452 3544 457 3554 -
500 3511 603 3582 4τῶν]
624 3527 661 3564 an
678 3509 830 3579 legendum
849 3511 898 3565 τὸλ
974 3515 1006 3564 15
1026 3487 1164 3582 ἀριθμὸν]

146 3583 195 3638 καὶ
213 3583 270 3640 AB.
326 3590 359 3639 16
378 3583 410 3637 τὸ
428 3583 521 3651 παρὸν
541 3582 596 3637 ΑΒ.
653 3587 758 3636 19-20
778 3579 835 3636 ἔστι
855 3625 905 3636 ...
925 3580 940 3635 ὁ
960 3589 973 3635 ἓ
995 3581 1095 3635 delevi.
