2578 3984
259 183 307 237 DE
326 183 540 240 DIOPHANTO
560 183 784 240 TESTIMONIA
802 187 988 244 VETERUM.
1092 190 1135 254 65

114 405 154 502 τό
177 419 261 504 πρὸς
284 418 373 502 ὥρας
396 375 446 502 όίί,
471 418 655 502 εὑρήσομεν
678 418 729 483 ὅτι
753 420 819 503 ἅμα
843 421 878 486 oc
892 431 980 507 τρεῖς
997 419 1136 506 κρουνοὶ

116 577 303 663 ἀφεθέντες
325 579 540 662 πληρώσουσι
563 580 624 663 τὴν
648 578 832 665 δεξαμενὴν
855 578 891 644 ἐν
915 581 1002 664 ὥρας
1025 538 1074 666 66.
1107 582 1138 646 εί

115 686 182 771 γάρ
205 685 417 769 ὑποθώμεθα
439 688 543 768 λόγου
564 685 662 771 χάριν
679 687 740 770 τὴν
761 685 943 770 δεξαμενὴν
961 696 1136 773 χωροῦσαν

114 793 221 878 μέτρα
254 777 325 876 ff,
362 793 399 857 τὸ
433 788 494 876 μὲν
527 793 632 875 στόμα
662 801 723 858 τοῦ
755 793 939 870 Κύκλωπος
970 795 1136 880 πληρώσει

116 898 221 984 μίτρα
244 901 298 982 ὗν,
323 898 340 964 6
365 896 402 964 δέ
426 899 602 983 ὀφθαλμὸς
625 902 689 984 ρπ,
711 898 732 983 ἡ
757 895 794 965 δὲ
816 901 887 985 χείρ
912 885 943 983 ξ,
966 898 1022 966 καὶ
1045 903 1136 966 ἔσται
1164 924 1177 965 5

115 1007 201 1071 κατὰ
224 1007 282 1082 τὰς
305 1004 337 1084 ἐξ
361 1005 462 1090 ἀρχῆς
485 1003 598 1082 θέσεις
621 1005 638 1071 6
662 1003 724 1090 μὲν
747 1006 923 1091 ὀφθαλμὸς
948 1015 1005 1092 τῆς
1028 1009 1137 1092 χειρὸς

114 1113 323 1198 τριπλάσιος,
346 1113 384 1178 τὸ
408 1109 446 1178 66
467 1114 572 1197 στόμα
590 1120 651 1176 τοῦ
670 1112 850 1198 ὀφθαλμοῦ
869 1111 1003 1198 μεγέθει
1022 1115 1137 1180 διπλά-

115 1237 194 1285 σιον
218 1219 329 1303 ἥμισυ.

541 1403 592 1444 αα.
624 1381 715 1445 άλλο.

157 1518 216 1598 Ὡς
239 1521 371 1604 ἀγαθὸν
393 1529 531 1608 κρητῆρι
554 1518 631 1587 θεοὶ
653 1525 795 1606 κερόωσι
818 1521 961 1609 ῥέεθρον
1150 1549 1176 1588 ιο

209 1628 280 1693 οἵδε
304 1629 373 1692 ὑύω
397 1625 540 1711 ποταμοὶ
562 1625 618 1692 καί
640 1631 801 1712 Βρομίοιο
825 1629 932 1714 χάρις·

166 1729 238 1811 ἶσος
261 1731 291 1799 6’
315 1734 357 1800 οὐ
378 1735 537 1800 πάντεσσι
561 1733 644 1819 ῥόου
668 1736 801 1819 δρόμος,
825 1735 908 1801 άλλά
931 1760 989 1820 μιν
1013 1729 1083 1811 οἷος

208 1845 331 1918 Νεῖλος
353 1837 415 1925 μὲν
437 1825 592 1926 προρέωυ
614 1840 751 1925 ἠμάτιος
772 1841 913 1928 κορέσει,

161 1950 284 2013 τόσσον
306 1949 399 2034 ὕδωρ
423 1952 534 2034 μαζῶν
558 1948 786 2034 άπερεύγεται·
810 1949 845 2015 ἐκ
865 1947 898 2014 θ’
920 1951 983 2035 άρα
1002 1949 1136 2035 Βάκχου

206 2057 336 2141 θυρσὸς
359 2053 410 2121 ἐνὶ
432 2067 580 2143 τρισσοῖς
602 2057 726 2140 ἥμασιν
750 2051 844 2122 οἶνον
869 2059 945 2134 ίείς·
1151 2082 1177 2122 15

162 2162 225 2227 σὸν
241 2159 278 2228 δὲ
296 2161 404 2249 κέρας,
420 2160 569 2250 Ἁχελῷε,
590 2160 644 2228 δύ’
658 2165 797 2247 ἤμασιν
816 2163 859 2248 ἢν
879 2160 908 2228 6’
931 2164 998 2248 άμα
1016 2163 1137 2240 πάντες

207 2267 293 2354 ῥεῖτε
315 2266 370 2334 καὶ
393 2271 445 2335 είν
470 2270 571 2354 ὥραις
593 2272 734 2354 πλήσετε
757 2271 823 2354 μὴν
846 2270 981 2353 ὀλίγαις.

185 2413 368 2496 Σχόλιον.
421 2412 465 2476 Οί
499 2422 587 2496 τρεῖς
623 2411 697 2497 όροι
733 2411 820 2477 είσλν
856 2413 940 2499 πρὸς
974 2411 1137 2496 ἀλλήλους

116 2515 254 2602 μεγέθει
272 2520 375 2601 λόγον
394 2521 527 2603 ἔχοντες
544 2522 573 2588 ξ.
592 2526 621 2602 γ.
637 2505 673 2602 ό,
697 2517 782 2602 ὁμοῦ
800 2522 849 2583 ὦ·
873 2520 904 2583 εί
922 2513 984 2583 οὑν
1002 2516 1137 2602 γένηται

118 2625 164 2701 ὡς
188 2623 206 2690 6
229 2626 265 2687 Γα
287 2624 413 2710 <πρὸς>
436 2626 496 2690 τὸν
521 2630 550 2709 ξ,
576 2625 681 2702 οὑτως
702 2625 723 2708 ἡ
747 2627 806 2709 μία
827 2623 933 2711 ἡμέρα
956 2626 1038 2710 πρὸς
1061 2632 1137 2708 μιᾶς
1151 2652 1177 2691 εο

116 2730 242 2816 ἡμέρας
261 2730 419 2797 ἑνόέκατα
438 2735 469 2815 ξ,
492 2733 629 2816 εὕρηται
647 2731 665 2797 6
684 2733 814 2815 χρόνος.
849 2731 911 2816 χρὴ
931 2725 994 2796 οὑν
1012 2732 1137 2795 διελεῖν

116 2839 179 2922 τὴν
201 2835 328 2921 ἡμέραν
356 2839 403 2914 είς
430 2843 498 2922 W,
530 2835 586 2904 καὶ
615 2838 745 2902 τούτων
772 2838 812 2900 τά
839 2839 860 2904 ξ
887 2835 1136 2920 ἀποφαίνεσθαι

118 2939 205 3009 εἶναι
228 2946 287 3010 τὸν
312 2946 514 3029 ζητούμενον
537 2948 671 3031 χρόνον.
713 2945 744 3008 εί
762 2937 824 3008 οὑν
842 2942 1057 3027 ὑποθοίμεθα
1076 2946 1134 3009 τὸν

117 3059 265 3135 πρατῆρα
293 3051 422 3138 μέτρων
451 3053 554 3135 λόγου
582 3052 680 3136 χάριν
707 3036 760 3134 τί,
792 3048 1001 3135 ίπιμετρήσει
1028 3050 1046 3116 6
1074 3047 1136 3135 μὲν

118 3161 242 3234 Νεῖλος
264 3156 367 3242 μέτρα
390 3161 445 3242 ff,
470 3159 488 3225 6
513 3154 550 3223 ὑὲ
572 3160 744 3235 Διόνυσος
767 3142 794 3241 ξ,
819 3156 837 3222 6
862 3153 898 3222 δὲ
914 3150 1072 3244 Ἀχελῷος
1091 3141 1135 3238 ζ,
1150 3183 1176 3222 25

119 3262 175 3329 καὶ
197 3265 279 3329 κατά
302 3267 360 3343 τάς
382 3264 563 3342 ὑποθέσεις
585 3267 768 3350 προβαίνει.

191 3498 207 3546 9
226 3493 276 3562 Ep.
292 3493 365 3561 XIV,
381 3499 441 3548 133.
516 3500 549 3548 14
568 3493 735 3564 ἀπερεόεται
754 3493 784 3550 Ρ.
864 3499 897 3547 16
916 3491 1013 3564 ἥμαοι·
1034 3500 1087 3548 νῦν
1105 3487 1134 3547 6⁹

119 3563 180 3635 άμα
200 3565 243 3619 ed.
329 3569 362 3618 17
381 3586 429 3636 μιν
448 3565 492 3620 ed.

173 3663 345 3717 morumne,
360 3665 395 3705 ed.
410 3666 547 3716 Tannery.
570 3665 602 3706 11.
960 3658 976 3706 ὑ
