2570 3988
158 197 202 260 44
301 196 350 250 DE
369 196 581 252 DIOPHANTO
601 194 825 252 TESTIMONIA
842 194 1027 250 VETERUM.

429 381 459 460 β.
496 379 543 454 είς
566 379 695 461 άναλμα
718 376 904 452 Παλλάδος.

159 503 297 578 Παλλάς
315 501 379 585 ἐγὼ
398 510 503 586 χρυσῆ
524 504 747 586 σφυρηλατος,
771 500 875 582 αὐτάρ
894 498 912 564 δ
931 501 1054 585 χρυσὸς
1100 497 1130 575 L'
1153 503 1178 564 ῖτ

204 611 325 692 αἰζηῶν
348 607 481 674 πέλεται
505 610 615 691 δῶρον
639 607 862 672 άοιδοπόλων·
1100 602 1135 690 η’
1156 616 1178 670 ἓ

160 717 263 801 ἥμισυ
285 712 346 800 μὲν
370 727 508 800 χρυσοῖο
533 718 706 800 Χαρίσιος,
727 713 892 797 ὀγδοάτην
916 709 952 777 δέ
1104 699 1176 777 ίδ
1276 771 1277 776 ,

133 851 145 890 o
206 821 328 900 Θέσπις
350 821 403 887 καλ
423 823 570 905 ,δεκάτην
592 833 714 907 μοῖραν
738 822 840 885 ἔδωκε
863 823 997 885 Σόλυν·
1064 803 1173 902 <κ’β>

160 929 263 1015 αὐτὰρ
283 929 451 1013 ἐεικοστὴν
464 933 627 1013 Θεμίσων,
647 929 685 992 τά
705 923 742 992 δέ
761 929 859 992 λοιπά
876 927 1020 992 τάλαντα
1066 907 1175 992 λοῗίἷλ

204 1035 301 1101 ἐννέα
324 1033 379 1101 καὶ
402 1034 499 1121 τέχνη
524 1037 634 1121 δῶρον
653 1032 891 1120 Ἀριστοδίκου.
1088 1031 1126 1118 β.
1150 1057 1175 1116 μ

227 1174 444 1264 Σχόλιονῑ).
462 1215 500 1224 -
522 1177 679 1253 Παλλάς
702 1175 793 1259 ἐγὼ·
831 1176 943 1275 εὑρεῖν
966 1175 1114 1260 ἀριθμὸν
1138 1175 1176 1251 δς

160 1286 276 1362 λείψας
305 1281 425 1367 λἠἰ’
439 1280 472 1348 κ’
500 1282 565 1361 έξει
596 1285 713 1360 λοιπάς
745 1282 893 1368 μονάδας
919 1288 954 1350 δ.
1004 1291 1103 1347 τοῦτο
1137 1279 1174 1347 δὲ

120 1419 146 1458 ιο
160 1393 286 1474 γίνεται
310 1389 368 1454 έάν
391 1390 540 1474 εὕρωμεν
559 1389 705 1474 ἀριθμὸν
729 1389 765 1466 ὃς
789 1388 958 1473 ἐλάχιστος
981 1389 1028 1452 ὢν
1047 1387 1112 1466 ἕξει
1134 1389 1175 1452 τά
1276 1401 1277 1422 ³

159 1500 358 1583 προκείμενα
382 1495 480 1583 μέρη,
503 1495 652 1561 τουτέστι
674 1497 756 1560 κατά
782 1497 819 1560 τὸ
849 1499 921 1560 λάθ’
943 1503 1005 1560 τοῦ
1028 1493 1173 1578 ἑβδόμου
1275 1561 1277 1572 J

160 1606 293 1687 βιβλίου
324 1613 392 1668 τῶν
424 1607 608 1688 Στοιχείυν
640 1603 834 1667 Εὐκλείδου.
890 1602 1076 1685 εὑρίσκεται
1112 1595 1174 1665 οὖν
1276 1637 1277 1666 ι

160 1711 242 1776 κατά
265 1710 323 1786 τάς
345 1718 405 1774 τοῦ
428 1709 615 1774 Εὐκλείδου
639 1710 807 1794 μεθόδους
834 1707 1003 1793 ἐλάχιστος
1030 1707 1174 1792 ἀριθμὸς

161 1819 178 1885 ὁ
203 1845 226 1903 μ
254 1818 338 1900 ἔχων
367 1813 396 1893 L'
411 1814 446 1899 η’
461 1814 550 1899 ι’κ’,
582 1811 629 1882 ὧν
660 1813 913 1902 ἀφαιρεθέντων
946 1815 1010 1880 άπὸ
1042 1822 1103 1879 τοῦ
1130 1817 1174 1899 μ,

121 1949 146 1989 15
163 1925 261 1991 λοιπά
288 1908 316 1987 δ
344 1922 399 1987 καὶ
431 1924 543 1988 λύεται
575 1925 612 1988 τὸ
644 1925 827 2008 πρόβλημα.
874 1923 905 1986 εί
936 1919 973 1986 δὲ
1005 1920 1175 2003 έδόδησαν

161 2028 216 2096 ἀπ’
234 2029 336 2115 ἀρχῆς
364 2026 438 2093 ἀντὶ
464 2039 532 2094 τῶν
554 2015 581 2094 δ
608 2030 765 2114 μονάδων
792 2029 894 2113 τυχὸν
921 2030 956 2110 ξ,
983 2029 1042 2092 τὸν
1072 2029 1174 2110 λόγον

162 2138 201 2204 ὃν
226 2139 292 2222 ἔχει
315 2135 332 2200 δ
357 2137 377 2202 ξ
399 2137 481 2220 πρὸς
503 2137 561 2212 τάς
582 2121 609 2200 δ
631 2136 778 2220 μονάδας
802 2137 959 2218 λαβόντες
981 2131 1036 2198 καὶ
1058 2133 1174 2219 εὑρόν-

160 2268 214 2321 τες
236 2243 384 2328 άριθμόν
407 2265 482 2306 τινα
501 2241 538 2307 έν
556 2250 601 2328 τῷ
624 2242 713 2328 αὐτῷ
736 2245 824 2328 λόγῳ
848 2241 931 2326 πρὸς
953 2242 1060 2326 τὸνμ
1084 2242 1174 2323 όντα,

162 2344 235 2416 οἷον
254 2351 313 2415 τὸν
326 2353 371 2417 εξ
382 2366 423 2432 οἵ,
447 2349 589 2434 εὕρομεν
608 2347 650 2413 άν
674 2351 752 2425 τοὺς
772 2345 990 2432 ζητουμένους
1010 2347 1177 2432 ἀριθμοὺς

121 2481 147 2520 20
161 2455 216 2523 καὶ
238 2459 276 2522 τὸ
298 2458 473 2543 πρόβλημα
498 2455 619 2522 ἐλύετο.
652 2458 689 2521 τὸ
710 2454 835 2522 δἀὐτὸ
855 2453 908 2520 ἐπὶ
930 2455 1053 2532 παντὸς
1077 2454 1175 2541 ἀριθ-

161 2574 226 2649 μοῦ
250 2564 304 2629 δεῖ
323 2573 440 2629 ποιεῖν.

653 2712 683 2771 ν.

155 2808 193 2878 ‘A
212 2813 342 2898 Κύπρις
360 2813 419 2877 τὸν
428 2809 559 2897 Ἔρωτα
577 2821 810 2895 κατηφιοῶντα
828 2810 1015 2896 προσηύδα·
1070 2807 1103 2874 δ’
1122 2813 1174 2894 iiio

166 2922 264 2984 Τίπτε
273 2941 336 3000 τοι,
349 2912 374 2981 ὦ
385 2915 487 3000 τέκος,
497 2916 777 3003 άλνοςέπέχραενς
788 2917 824 2994 ὃς
833 2912 1063 3002 δ’άπάμειπτο·
1079 2902 1176 3001 ε’χῙβ

234 3148 260 3216 1)
280 3143 422 3199 Scholium
444 3145 475 3200 in
498 3145 625 3215 margine
651 3144 799 3214 seriptum:
828 3162 895 3214 ergo
920 3143 1005 3213 (siout
1027 3144 1175 3213 sequentia

162 3217 197 3272 de
211 3217 313 3287 quibus
327 3215 404 3270 idem
412 3217 542 3271 notatum
552 3217 615 3288 eril)
629 3217 828 3287 depromptum
837 3234 871 3272 ex
879 3217 993 3271 vetuste
1008 3215 1174 3270 collectione

160 3288 339 3343 Metrodoree
358 3286 473 3357 (videsis
492 3287 566 3342 infre
579 3305 644 3358 pag.
660 3293 703 3358 53,
721 3290 780 3343 not.
793 3292 828 3356 1),
846 3287 876 3341 in
890 3304 947 3356 que
959 3287 1013 3342 hoo
1026 3286 1173 3356 problema

161 3360 254 3416 looum
272 3358 394 3429 primum
413 3358 567 3415 obtinebat.

233 3578 267 3628 18
286 3572 423 3646 ἀριθμόν]
442 3575 495 3628 καί
510 3573 541 3628 P.
629 3577 661 3626 19
680 3571 804 3642 εόρωμεν
822 3571 853 3626 Ρ.
