2578 3984
332 164 587 253 ῬΑοΗΥΜειιΑε
606 197 865 255 εΑειΑΡΗειΑειε.
1044 199 1108 264 113

85 360 244 427 ἐλάττονι
271 361 329 425 τὸν
358 361 476 444 αὐτόν,
503 353 576 427 οἷον
600 363 641 445 ρῐι
663 359 719 426 καὶ
741 370 778 444 ἦ·
806 360 861 426 καὶ
885 361 903 426 ό
925 371 948 445 ἦ
970 381 1109 448 προστε-

84 470 232 552 θήσεται
254 466 465 553 ἀμφοτέροις,
483 469 519 545 ὅς
538 467 629 533 ἐστιν
651 467 668 534 ὁ
689 468 788 546 αὐτὸς
806 464 866 553 μὲν
884 477 930 558 τῷ
949 467 1109 552 ε’λάιτονι,

86 573 327 649 ὑποιέπλάσιος
356 570 393 638 δὲ
422 583 482 640 τοῦ
511 578 675 659 μείζονος,
708 575 753 652 ὡς
778 578 934 658 γίνεσθαι
961 577 1020 640 τὸν
1047 572 1108 659 μὲν

87 683 225 765 μείζονα
249 681 322 764 ff,
345 679 405 744 τὸν
428 675 465 744 δὲ
483 679 641 746 ἐλάττονα
659 682 703 764 ιζ’,
727 680 765 746 ἐν
782 682 871 769 λόγῳ
891 680 1108 769 όιιταπλασίφ.

153 782 228 850 Ἐπὶ
256 782 293 850 δὲ
321 784 584 870 ἐννεαπλασίαν,
618 788 671 852 δεῖ
700 787 883 873 λαμβάνειν
910 787 970 852 τὸν
997 775 1107 867 ὑποιξ-
1135 814 1148 854 5

88 894 246 977 πλάσιον,
269 891 314 968 ὡς
336 887 424 958 εἶναι
446 901 506 958 τοῦ
530 889 592 978 μέν
615 896 765 978 μείζονος
788 879 1036 979 ὑποίξπλάσιον,
1060 903 1106 983 τῷ

89 997 127 1065 δέ
153 1000 305 1065 ἐλάττονι
329 993 414 1083 ἶσον,
439 991 512 1066 οἷον
536 1000 554 1064 ό
577 1023 612 1065 τε
635 1002 675 1066 ft}
698 999 754 1066 καὶ
777 1001 795 1067 ὁ
818 1010 852 1066 ε·
875 999 931 1067 καὶ
954 1001 972 1068 ὁ
995 1003 1108 1080 κοινὸς

88 1107 356 1192 προστεθήσεται
372 1116 405 1190 ε,
429 1107 474 1184 ὡς
495 1109 652 1190 γίνεσθαι
674 1105 815 1191 τὸνμὲν
834 1111 967 1193 μείζονα
988 1093 1026 1192 ἦ,
1048 1109 1108 1174 τὸν

91 1213 129 1278 δὲ
153 1212 319 1279 ἐλάσσονα
342 1215 370 1296 i,
397 1211 434 1278 ἐν
457 1214 545 1302 λόγῳ
569 1213 805 1301 ἐννεαπλασίφ.

155 1315 230 1384 Ἐπὶ
249 1317 285 1384 δὲ
306 1321 546 1404 δεκαπλασίαν,
570 1321 624 1386 δεῖ
639 1321 821 1405 λαμβάνειν
839 1321 899 1385 τὸν
920 1305 1107 1386 ὑποιῙδπλά-
1121 1348 1148 1389 ιο

89 1445 183 1510 σιον,
210 1427 254 1502 ὡς
282 1420 369 1492 εἶναι
401 1434 462 1490 τοῦ
489 1422 550 1511 μὲν
578 1430 728 1510 μείζονος
755 1412 1018 1511 ὑποιβπλάσιον,
1048 1428 1108 1494 τὸν

91 1533 198 1600 αὐτὸν
223 1527 260 1597 δὲ
285 1540 330 1619 τῷ
360 1531 526 1617 ἐλάττονι,
554 1527 628 1598 οἷον
652 1533 670 1598 ὅ
693 1557 728 1598 τε
750 1519 797 1599 'ss
817 1531 874 1599 καί
895 1543 927 1619 ἒ,
955 1535 1000 1612 ὡς
1022 1537 1107 1618 γίνε-

90 1647 176 1705 σδαι
199 1640 259 1704 τὸν
282 1635 343 1724 μὲν
366 1642 500 1723 μείζονα
520 1643 554 1726 ρ,
576 1640 636 1704 τὸν
660 1636 698 1705 δὲ
721 1640 879 1707 ἐλάττονα
901 1644 930 1727 ῐ,
959 1640 996 1706 ἐν
1019 1643 1106 1729 λόγῳ

91 1748 313 1835 δεκαπλασίφ.
998 1754 1000 1758 ’

158 1850 227 1918 Καὶ
250 1851 366 1937 ἐφεξῆς
388 1853 470 1918 κατὰ
488 1854 550 1937 τήν
567 1853 733 1938 πρόβασιν
750 1863 818 1919 τῶν
836 1864 1011 1938 περιττῶν,
1032 1847 1105 1920 οἷον
1121 1881 1147 1922 15

89 1959 404 2043 ἑνεικοσαπλάσιον,
433 1961 780 2044 τρισεικοσαπλάσιον,
810 1962 1107 2027 πενταειιιοσαπλά-

88 2085 180 2149 σιον,
203 2064 259 2131 καί
283 2066 400 2151 ἐφεξῆς
423 2063 473 2131 ἐπ’
493 2067 642 2154 άπειρον·
666 2070 725 2132 καί
744 2069 809 2133 είσι
830 2075 1044 2152 πυδμενιιιῶς
1067 2071 1108 2134 τά

88 2183 229 2238 τοιαῦτα
257 2173 500 2258 ἐμφαινόμενα,
528 2174 573 2250 ὡς
599 2176 794 2260 προβαίνειν
818 2173 872 2240 ἐπὶ
899 2185 970 2252 τοῖς
996 2175 1107 2240 αὐτῶν

88 2282 353 2356 πολλαπλασίοις
387 2280 447 2345 τὸν
477 2289 632 2345 τοιοῦτον
664 2283 806 2364 κανόνα,
843 2283 875 2346 εἰ
904 2278 960 2346 καὶ
992 2281 1029 2347 ἐν
1061 2283 1106 2370 τῷ

88 2385 214 2470 μεταξὺ
242 2387 337 2451 ἄλλοι
363 2382 451 2462 τινες
480 2386 738 2472 εὑρεθήσονται,
771 2388 816 2464 ὡς
848 2386 1042 2473 ἐδείκνυμεν
1071 2387 1107 2452 ἐν
1121 2416 1147 2454 ευ

87 2505 162 2570 τοῖς
185 2493 315 2578 ὁμοίοις
337 2495 569 2580 προβλήμασιν
588 2492 626 2558 ἐν
645 2494 758 2570 ἄλλοις
781 2491 957 2576 λυομένοις
978 2496 1106 2577 κανόσι,

87 2603 122 2666 εί
148 2598 204 2666 καὶ
233 2601 289 2665 διὰ
314 2601 375 2665 τὸν
398 2601 499 2684 ὄχλον
528 2598 621 2684 ἡμεῖς
647 2601 688 2664 τὰ
714 2607 852 2665 τοιαῦτα
874 2600 1107 2685 παρειάκαμεν.

136 2710 192 2792 μβ.
229 2709 393 2772 Δίδονται
425 2701 526 2784 αὖθις
557 2705 590 2785 ἐξ
624 2706 849 2793 ἀντιστρόφου
877 2704 1016 2791 ἀριθμοὶ
1044 2706 1106 2772 δύο

55 2840 57 2843 ·
88 2813 147 2881 καὶ
171 2814 411 2906 ἐπιταττόμεθα
433 2814 493 2878 τὸν
517 2813 619 2879 αὐτὸν
638 2813 785 2899 ἀριθμὸν
804 2813 960 2898 άφαιρεῖν
979 2809 1034 2878 ἀπ’
1048 2813 1106 2878 αὐ·

90 2933 160 2987 τῶν
179 2920 234 2987 καὶ
257 2925 335 2998 τοὺς
358 2919 575 3005 λειπομένους
598 2921 633 2987 εἰι
655 2930 714 3005 τῆς
737 2919 943 3006 άφαιρέσεως
962 2918 999 2985 ἐν
1018 2922 1107 3008 λόγῳ
1122 2946 1148 2986 οε

87 3026 159 3094 τινὶ
191 3036 234 3117 τῷ
265 3026 402 3094 δοθέντι
429 3034 595 3094 καθιστᾶν
623 3027 643 3112 ή
672 3027 709 3093 ἐν
738 3029 900 3115 διπλασίῳ
928 3027 949 3111 ή
978 3027 1014 3092 ἐν
1040 3051 1108 3112 τρι-

92 3137 222 3222 πλασίφ
255 3133 276 3218 ή
308 3134 345 3200 ἐν
377 3135 605 3222 τετραπλασίῳ
636 3134 657 3218 ή
691 3133 727 3200 ἐν
760 3137 850 3222 άλλῳ
886 3132 953 3198 τινὶ
990 3132 1109 3219 ἐφεξῆς

90 3244 195 3329 λόγῳ·
224 3242 278 3306 δεῖ
302 3243 420 3306 τοίνυν
443 3240 481 3305 ἐν
503 3251 573 3319 τοῖς
601 3241 766 3319 τοιούτοις
794 3243 950 3326 γίνεσθαι
972 3239 1028 3307 καὶ
1050 3242 1109 3318 τάς

93 3348 250 3432 ἐπιταγάς
273 3345 448 3433 ἐντόχνους
470 3345 526 3413 καὶ
549 3347 706 3433 χωρήτάς.

166 3582 200 3631 23
220 3576 322 3646 Dioph.
341 3575 431 3646 probl.
446 3577 467 3646 Ι,
483 3583 507 3633 9.

148 3678 319 3729 onmms,
334 3677 369 3718 ed.
383 3677 521 3728 Tannery.
544 3677 576 3718 H.
