2578 3984
328 183 579 239 PACHYMERAE
597 184 855 242 PARAPHRASIS.
1057 189 1100 254 95

79 347 146 431 τήν
175 346 344 432 ὑπεροχήν
371 348 431 412 τὸν
458 357 479 431 ῇ
507 346 561 412 καὶ
591 349 651 413 τὸν
682 351 880 434 λειπόμενον
913 352 1031 435 διαιρῶ
1064 351 1100 417 ἐν

81 456 317 541 πενταπλασίφ
341 456 442 541 λόγῳ,
469 452 524 519 καὶ
546 455 606 519 τὸν
630 455 801 538 ὑπόλογον
829 457 955 522 τούτων
982 461 1100 542 τίθημι

83 561 216 626 ἐλάσσω
240 561 333 645 ὅρον,
356 562 416 626 τὸν
439 557 476 626 δὲ
499 562 588 645 παρὰ
610 563 670 627 τὸν
693 562 862 646 ὑπόλογον
882 562 917 628 ἐκ
939 572 999 629 τοῦ
1018 587 1099 629 παν-

81 669 140 745 τὸς
155 667 314 753 άριθμόν,
332 665 494 752 προσθεὶς
512 669 618 756 τοὺτςο
638 666 693 733 καὶ
709 670 771 753 τήν
786 669 963 754 ὑπεροχήν,
982 675 1099 756 τίθημι

82 779 231 860 μείζονα,
253 773 309 840 καὶ
332 785 417 840 ποιῶ
443 776 480 839 τὸ
508 773 695 861 ἐπιταχθέν.
733 770 807 841 οἷον
830 780 913 842 ἔστω
937 777 955 843 6
984 776 1100 855 δοθεὶς
1126 801 1139 842 ι

81 883 229 967 άρνθμὸς
258 882 299 947 ὃν
322 883 446 948 διελεῖν
468 885 674 967 αελευόμεθα
702 884 739 948 ἐν
762 885 850 973 λόγῳ
873 887 1098 972 τετραπλασίῳ

80 987 138 1055 καὶ
166 987 203 1054 ἐν
226 988 371 1074 ὑπεροχῇ
395 1000 462 1053 τῶν
485 999 508 1072 ῇ
530 990 688 1074 μονάδων
712 990 730 1054 6
753 993 812 1075 εἴη·
843 989 1056 1074 ἐκβεβλήσθω
1077 991 1098 1074 ἡ

80 1096 229 1181 ὑπεροχή
259 1097 276 1162 6
304 1105 340 1180 ῇ,
370 1098 430 1161 τὸν
459 1093 496 1161 δὲ
524 1099 722 1182 λειπόμενον
751 1101 772 1184 ὑ
800 1096 837 1163 ἐν
866 1100 1098 1187 πενταπλασίω

82 1205 201 1286 διαιρῶ
225 1207 325 1290 λόγῳ,
349 1201 404 1268 καὶ
427 1205 486 1269 τὸν
507 1205 677 1288 ὑπόλογον
699 1206 758 1270 τὸν
777 1208 795 1268 ῐ
814 1217 899 1270 ποιῶ
922 1204 1098 1288 ἐλάσσονα,

80 1313 142 1376 τὸν
167 1306 204 1375 δὲ
227 1311 316 1393 παρδι
338 1320 459 1376 τοῦτον
482 1315 611 1393 λοιπόν,
636 1312 672 1389 ὅς
696 1312 786 1378 ἐστιν
808 1312 826 1377 6
850 1317 884 1395 μ,
906 1309 1099 1395 προστιθεὶς
1113 1339 1139 1378 ιο

81 1416 137 1482 καὶ
165 1419 227 1502 τήν
256 1417 438 1501 ὑπεροχήν,
470 1429 556 1483 ποιῶ
580 1420 725 1503 μείζονα,
753 1416 807 1483 καὶ
835 1420 952 1484 λύεταί
976 1442 1033 1503 μοι
1060 1418 1097 1482 τὸ

80 1527 271 1610 πρόβλημα·
294 1525 339 1609 μή
363 1526 426 1608 γάρ
450 1522 505 1588 καὶ
523 1528 552 1607 i,
566 1528 625 1607 νή,
649 1523 705 1590 καὶ
728 1528 818 1590 ἔστιν
838 1524 856 1590 6
874 1529 919 1609 μή
938 1534 999 1590 τοῦ
1017 1528 1097 1590 ῐτε-

79 1632 283 1717 τραπλάσιος
306 1633 370 1696 σὺν
392 1631 537 1716 ὑπεροχῇ
560 1642 628 1696 τῶν
651 1641 672 1715 ή
696 1633 863 1716 μονάδων.

143 1738 283 1824 Ὁμοίως
310 1738 368 1803 ἐάν
397 1737 564 1822 ἐπιταχθῶ
594 1740 717 1804 διελεῖν
745 1740 805 1804 τὸν
829 1736 974 1804 δοθέντα
1002 1739 1096 1823 άριθ-

79 1848 144 1931 μὸν
174 1846 211 1912 ἐν
245 1848 333 1932 λόγῳ
366 1848 624 1911 πενταπλασίονι
656 1844 711 1911 καὶ
741 1844 778 1911 ἐν
805 1845 951 1930 ὑπεροχῇ
978 1856 1050 1923 ταῖς
1077 1848 1138 1914 ξιτ

81 1952 236 2038 μονάσιν,
262 1955 344 2018 ἔστω
364 1951 382 2017 6
402 1953 454 2030 ξς·
478 1955 609 2036 ἀφαιρῶ
633 1953 695 2036 τήν
716 1951 883 2037 ὑπεροχήν
906 1955 965 2017 τὸν
984 1955 1014 2035 ξ,
1037 1953 1097 2018 τὸν

79 2062 279 2144 λειπόμενον
303 2060 319 2138 ξ
348 2060 467 2142 διαιρῶ
496 2057 709 2141 ἑξαπλασίως,
741 2058 797 2124 καὶ
825 2062 916 2124 ἔστιν
946 2059 1050 2125 αὑτοῦ
1078 2059 1095 2124 6

79 2167 246 2250 ὑπόλογος
263 2169 292 2230 Z·
317 2175 437 2231 τοῦτον
460 2169 577 2250 τίθημι
602 2165 729 2230 ἐλάσσω
754 2167 846 2251 ὅρον,
869 2167 929 2232 τὸν
953 2162 1097 2250 δὲπαρά

78 2283 202 2340 τοῦτον
230 2273 271 2356 δή
294 2275 354 2338 τὸν
377 2272 546 2356 ὑπόλογον
568 2273 628 2337 τὸν
650 2276 679 2355 i,
711 2272 748 2349 ὃς
775 2273 811 2338 ἐκ
838 2281 899 2338 τοῦ
926 2274 1096 2356 προλόγου

79 2378 248 2466 άφηρέθη,
272 2380 332 2444 τὸν
354 2381 393 2463 ὑ,
414 2377 608 2463 προστιθεὶς
630 2377 685 2443 καὶ
707 2380 770 2463 τήν
791 2379 960 2463 ὑπεροχήν
982 2381 1042 2444 τὸν
1064 2382 1096 2463 ξ,
1110 2406 1137 2444 ιο

79 2498 164 2553 ποιῶ
189 2489 339 2571 μείζονα,
366 2484 421 2552 καὶ
449 2490 576 2569 γίνεται
601 2486 639 2550 τὸ
663 2485 853 2570 ἐπιταχθέν·
882 2488 923 2554 τῖς
949 2487 1013 2569 γάρ
1041 2484 1096 2550 καὶ
1192 2522 1193 2525 ¹

78 2598 107 2678 ῐ,
122 2578 174 2675 ξ-ς,
207 2591 262 2658 καλ
290 2593 308 2659 6
338 2577 376 2671 ἕξ
406 2602 467 2659 τοῦ
494 2593 778 2669 ῖπενταπλάσιος
808 2589 864 2656 καὶ
897 2589 1047 2656 ἐπέκεινα
1074 2590 1095 2675 ή

79 2701 225 2784 ὑπεροχή
251 2700 354 2766 αὐτοῦ
377 2700 520 2784 μονάδες
542 2702 571 2768 ξ.
610 2699 697 2765 οὑτω
725 2696 780 2764 καὶ
809 2696 862 2764 ἐπὶ
884 2697 1019 2762 πάντων
1042 2702 1096 2781 λη-

78 2810 214 2892 ψόμεθα
237 2808 297 2872 τὸν
321 2816 442 2891 συνεχή
471 2807 736 2889 πολλαπλάσιον,
766 2803 1017 2890 ἀφαιρουμένης
1038 2814 1096 2889 τῇς

79 2914 243 2998 ὑπεροχῆς
274 2912 329 2979 καὶ
362 2913 627 2998 προστιθεμένης
654 2922 699 3000 τῷ
729 2915 898 3000 προλόγῳ·
933 2912 1135 2998 άφαιρου-εε

79 3019 183 3106 με’νου
211 3021 246 3086 ἐκ
274 3023 396 3086 τούτου
423 3031 484 3086 τοῦ
510 3021 695 3103 ὑπολόγον,
729 3018 784 3085 παλ
812 3021 852 3084 τά
879 3022 1094 3105 προβλήματα

80 3129 235 3212 λύσομεν.
267 3125 322 3193 καὶ
346 3127 434 3194 οὑτω
458 3130 609 3210 γίνονται
631 3129 672 3191 τά
690 3125 744 3192 ἐπὶ
762 3137 832 3204 τοῖς
849 3130 1095 3192 πολλαπλασια-

80 3246 175 3320 σμοῑς
199 3236 279 3320 μετὰ
301 3243 359 3319 τῇς
382 3235 547 3319 ὑπεροχῇς
568 3235 793 3319 προβλήματα.

146 3343 196 3408 λδ.
233 3344 279 3407 Εἰ
301 3339 338 3407 δὲ
359 3341 590 3426 ἐπιταχθῶμεν
609 3341 646 3406 ἐν
665 3340 825 3428 ἐπιμορίῳ
844 3342 933 3431 λόγῳ
952 3341 1095 3424 διαιρεῖν

80 3451 139 3515 τὸν
158 3449 307 3534 ιἰραθμὸν
329 3447 384 3514 καὶ
407 3448 553 3533 ὑπεροχῇ
577 3456 616 3533 τῇ
639 3448 797 3533 τυχούσῃ,
822 3445 908 3512 οὑτω
928 3449 1094 3530 λνθήσον-
1109 3468 1135 3508 εο

80 3580 133 3621 ται
160 3558 201 3620 τά
227 3558 453 3641 προβλήματα.
491 3553 547 3620 καὶ
569 3566 703 3641 πρῶτον
727 3554 928 3638 ἐπιτετάχθω
953 3555 1095 3640 διαιρεῖν
