2578 3984
158 191 202 255 46
302 190 350 245 DE
369 189 582 245 DlOPHANTO
601 189 827 245 TESTIMONIA
844 190 1030 247 VETERUM.

405 372 434 435 δ.
468 372 515 448 εἰς
537 371 598 454 τὴν
622 371 770 454 Αὐγείαν
793 373 928 455 κόπρον.

201 495 351 578 Αὐγείην
375 492 496 580 ἐρέεινε
520 493 601 579 μέγα
625 493 748 572 σθένος
767 491 936 561 Ἀλκείδαο

204 605 340 685 πληθὺν
363 605 551 686 βουκολίων
575 603 758 685 διζήμενος·
783 601 820 678 ὃς
843 599 873 665 δ’
892 601 1087 686 ἀπάμειπτο·

199 705 299 792 Ἀμφλ
321 705 383 793 μὲν
403 706 567 792 Ἀλφειοῖο
592 707 686 792 ῥοάς,
710 710 822 792 φίλος,
845 709 948 792 ἥμισυ
971 711 1091 774 τῶνδε·

132 840 145 879 ε
203 819 302 900 μοίρῃ
327 809 357 879 δ’
376 815 519 898 ὀγδοάτη
543 815 650 898 όχθον
674 816 810 899 Κρόνου
834 814 1092 901 ἀμφινέμονται,

205 921 372 1006 δωδεκάτη
398 915 429 986 δ’
447 920 617 985 ἀπάνευθε
644 919 868 1006 Ταραξίπποιο
891 917 968 1006 παρ’
987 922 1073 1005 ἱρόν·

202 1026 287 1112 ἀμφὶ
311 1026 341 1094 δ’
360 1025 413 1111 ἀρ’
432 1026 556 1091 Ἤλιδα
580 1027 656 1091 δῖαν
680 1025 827 1111 ἐεικοστὴ
850 1026 1064 1112 νεμέθονται·

202 1135 306 1221 αὐτὰρ
331 1134 368 1200 ἐν
387 1131 543 1219 Ἀρκαδίφ
567 1134 766 1218 τριηκοστὴν
788 1133 1004 1217 προλέλοιπα·

202 1244 318 1318 λοιπὰς
342 1239 372 1306 δ’
392 1236 434 1306 αὖ
458 1241 608 1316 λεύσσεις
630 1238 750 1322 ἀγέλας
772 1241 848 1305 τόδε
871 1244 1083 1324 πεντήκοντα.

525 1558 544 1610 ς
568 1538 680 1629 (κηλῑ)
717 1543 807 1608 ἀλλο.

195 1667 387 1753 Ὡρονόμων
411 1660 461 1752 ὄχ’
478 1667 606 1748 ἀριστε,
629 1667 736 1730 πόσον
759 1667 991 1751 παρελήλυθεν
1015 1667 1109 1750 ἠοῦς;

191 1771 314 1838 Ὅσσον
338 1771 571 1858 ἀποιχομένοιο
595 1773 658 1837 δύο
681 1774 790 1857 τρίτα,
813 1770 865 1848 δὶς
887 1775 968 1838 τόσα
991 1777 1104 1840 λείπει.

218 1895 456 1983 Ὡρονόμων·
472 1893 527 1962 καὶ
544 1904 643 1961 τοῦτο
663 1895 867 1979 ἐφόδευεται,
882 1896 991 1981 ὥσπερ
1010 1899 1047 1962 τὸ
1061 1897 1168 1986 xlm),
1281 1889 1282 1948 Ῑ

116 2027 141 2068 15
156 2006 211 2069 διὰ
238 2013 297 2069 τοῦ
325 2008 374 2103 [⁰¹²
400 2012 460 2069 τοῦ
488 2013 537 2068 σου
565 2005 697 2088 βιβλίου
729 2013 796 2067 τῶν
826 2003 1067 2086 Διοφάντου.
1119 2008 1172 2072 δεῖ
1282 2083 1283 2108 ρ

154 2112 217 2196 γὰρ
245 2111 305 2176 τὸν
333 2114 367 2194 ιβ
395 2112 518 2175 διελεῖν
546 2109 583 2175 ἐν
610 2112 698 2196 λόγῳ
727 2108 890 2197 ἐπιτρίτῳ,
919 2107 1126 2194 καὶγίνεται
1149 2111 1167 2177 ὁ
1282 2119 1283 2138 ³

154 2269 173 2321 5
193 2255 239 2336 ιβ·
268 2253 359 2316 ἔσται
387 2246 509 2317 οὖντὸ
534 2247 599 2388 μὲν
621 2253 793 2337 παρελθὸν
817 2260 874 2336 τῆς
901 2250 1023 2338 ἡμέρας
1046 2212 1101 2338 λδ,
1128 2257 1166 2321 τὸ

155 2374 192 2442 δὲ
215 2376 478 2460 ὑπολειπόμενον
502 2401 555 2461 μη.

590 2522 606 2597 t
628 2515 737 2605 (celss)

114 2687 140 2726 20
199 2663 344 2740 Χάλκεός
367 2664 434 2747 είμι
457 2661 553 2746 λέων,
576 2659 714 2748 κρουνοὶ
739 2659 779 2727 δέ
800 2685 856 2746 μοι
880 2663 1011 2746 ὄμματα
1036 2663 1123 2746 δοιά,

241 2767 297 2834 καὶ
321 2773 424 2854 στόμα
447 2768 501 2835 καὶ
524 2768 632 2855 θέναρ
657 2767 835 2854 δεξιτεροῖο
858 2770 974 2846 ποδός·
1058 2786 1062 2795 ·

224 2964 250 3031 1)
270 2961 413 3015 Secundus
436 2977 567 3016 numerus
586 2968 635 3028 κἠ,
665 2976 748 3028 quem
770 2962 858 3015 codex
883 2960 1009 3030 exhibet,
1040 2960 1167 3016 ordinem

152 3032 182 3086 in
199 3032 381 3116 'collectione
413 3030 591 3088 Metrodoron
627 3031 742 3086 indicat.
795 3031 938 3087 Scholium
974 3033 1005 3085 in
1038 3031 1167 3102 margine

153 3104 379 3244 sonpillnileetiitne
398 3172 572 3228 collectionis
591 3174 785 3229 Metrodoreae
803 3173 920 3246 (videsis
938 3173 1013 3228 infre
1030 3193 1057 3244 p.
1069 3177 1121 3246 69).

224 3247 252 3314 3)
271 3243 419 3300 Probleme
432 3244 497 3298 XlX
515 3244 690 3300 collectionis
705 3245 908 3300 Menodoreee.
942 3244 1056 3301 Scholia
1072 3245 1168 3316 priora

153 3316 183 3370 in
201 3317 282 3370 textu
300 3314 405 3385 scripte
424 3318 497 3386 eunt,
516 3315 647 3370 ultimum
665 3319 777 3372 tantum
794 3315 825 3370 in
842 3315 978 3386 margine.

225 3499 240 3547 8
256 3489 384 3565 Ἀρκαδίῃ
402 3513 433 3563 γε
453 3494 496 3550 ed.
583 3500 616 3548 12
635 3491 720 3557 πόσος
738 3494 768 3549 P.
858 3501 891 3549 13
911 3494 968 3550 δόω
988 3492 1166 3548 scribendum

152 3563 271 3620 videtur.
308 3562 393 3619 τόσσα
411 3565 441 3620 P.
514 3570 547 3618 21
568 3565 618 3619 καλ
636 3563 667 3619 δὲ
687 3563 779 3636 θέναρ
798 3565 841 3622 ed.
