2570 3988
470 251 747 307 PROLEGOMENA.
1083 251 1122 305 XI
1169 255 1172 262 '

106 415 180 479 aliis
204 414 344 478 libenter
362 413 519 497 relinquo.
557 413 714 478 Attamen
735 414 773 478 dc
793 419 899 479 aetate
920 415 1120 481 collectionis

106 521 365 605 scholiorumque
389 519 546 604 quaedam
569 519 656 584 baud
680 521 860 586 omittenda
882 521 1041 587 videntur.

172 625 260 691 Num
294 631 370 691 ante
404 624 654 691 Constantinum
685 625 877 711 Cephalam‚
908 629 964 712 qui
996 627 1119 693 decimo

105 734 233 799 labente
253 735 381 798 saeculo
401 733 673 816 epigrammatum
694 755 809 817 corpus
827 732 1014 799 Palatinum
1035 735 1120 818 quod

106 840 208 904 fertur
245 839 399 918 condidit,
424 839 649 904 'arithmetica
686 840 889 924 problemata
925 841 959 905 in
996 843 1120 924 priores

107 947 326 1031 Anthclogias
345 945 487 1010 admissa
505 946 634 1029 fuerint,
654 946 820 1030 disputare
839 948 926 1029 licet3
950 947 1067 1012 saltem
1082 969 1120 1012 ex

105 1054 147 1117 iis
181 1073 262 1137 quac
290 1052 330 1116 ad
357 1076 411 1138 pp.
434 1054 567 1118 43-72
596 1053 763 1135 adnotavi,
795 1053 876 1118 illud
904 1053 1120 1118 demonstrari

105 1163 231 1244 potest,
272 1159 350 1224 duas
393 1160 600 1225 collectiones
639 1159 800 1244 Cephalae
837 1165 968 1245 praesto
1005 1161 1119 1225 fuisse:

109 1267 245 1331 alteram
284 1288 365 1349 quae
404 1267 483 1330 satis
517 1267 645 1350 antiqui
677 1270 793 1352 poetae
825 1288 944 1330 nomen
976 1290 1054 1351 prae
1087 1289 1120 1332 se

106 1372 242 1456 ferebat,
267 1371 410 1438 Socratis
433 1373 556 1438 scilicet
575 1374 664 1438 cuius
684 1373 847 1457 Diogenes
865 1372 1013 1438 Laertius
1033 1396 1120 1438 men-

106 1481 227 1546 tionem
247 1480 337 1564 fecit3
363 1480 498 1544 alteram
518 1479 690 1543 recentiori
708 1477 893 1545 Metrodoro
913 1478 1120 1544 adtributam.

106 1586 139 1652 N
140 1587 205 1651 ulla
225 1587 348 1652 scholia
364 1583 441 1670 (nisi
455 1586 566 1650 forsan
582 1586 738 1670 quosdam
754 1586 954 1651 solutionum
969 1608 1120 1651 numeros

107 1693 140 1757 in
159 1693 305 1778 margine
324 1690 476 1781 scriptos)
496 1693 530 1756 in
545 1694 650 1777 prima
664 1692 853 1758 collectione
868 1694 1121 1776 reperiebantur,

107 1801 136 1864 si
155 1799 380 1864 tantummodo
401 1803 523 1882 septem
546 1800 604 1863 illa
623 1800 762 1882 excipias
783 1821 864 1883 quae
879 1800 918 1864 ad
933 1821 981 1882 ep.
995 1798 1083 1883 XIV,
1101 1801 1119 1863 7

108 1907 229 1992 scripta
252 1910 328 1972 sunt
346 1909 421 1989 post
439 1905 601 1970 Iulianum
621 1907 851 1989 imperatorem
872 1929 891 1970 a
910 1905 1007 1970 variis
1026 1905 1121 1970 credo

106 2016 316 2097 temporeque
330 2013 427 2097 longe
448 2012 638 2097 disparibus,
658 2016 743 2077 certe
763 2016 873 2076 autem
893 2035 1007 2094 parum
1022 2010 1121 2075 arith-

107 2119 244 2184 meticae
266 2119 331 2183 nisi
354 2121 516 2203 practicae
540 2119 655 2202 peritis
673 2118 869 2184 hominibus.
904 2117 1010 2182 Nimis
1029 2139 1120 2182 raras

107 2225 291 2291 huiusmodi
333 2225 500 2310 relliquias
537 2224 739 2303 invenimus3
782 2225 858 2310 quid
900 2224 940 2290 ad
976 2225 1121 2308 vulgaris

108 2333 223 2397 calculi
245 2331 415 2397 historiam
435 2332 581 2398 conferre
600 2333 736 2417 possint,
761 2333 907 2416 exemplo
927 2333 1022 2396 unico
1042 2330 1120 2395 alibi

108 2439 329 2504 demonstrare
353 2446 489 2504 conatus
513 2462 583 2504 sum
591 2437 626 2526 1).

175 2546 226 2610 Ad
262 2546 512 2630 unumquodque
549 2568 626 2610 vero
663 2546 885 2610 Metrodoreae
922 2544 1120 2609 collectionis

108 2653 310 2735 epigramma
329 2650 561 2717 Constantinus
582 2649 745 2735 Cephalas
768 2653 834 2715 iam
857 2651 979 2735 scripta
998 2649 1122 2715 scholia

108 2757 247 2838 invenit,
279 2779 360 2840 quae
391 2759 425 2821 in
457 2762 583 2823 textum
618 2781 710 2822 suum
738 2754 906 2843 recepit²);
940 2757 996 2821 sed
1023 2779 1121 2841 quum

107 2863 315 2949 problemata
345 2864 504 2947 quaedam
534 2867 567 2928 in
592 2863 747 2929 Socrates
775 2865 965 2929 collectione
993 2868 1123 2948 reperta

108 2971 241 3036 iamiam
264 2970 354 3053 prius
374 2970 588 3054 descripserat
609 2968 739 3058 (nempe
759 2993 807 3054 ep.
822 2969 910 3053 XIV,
929 2973 959 3053 2,
979 2972 1008 3055 3,
1029 2972 1058 3054 6,
1078 2969 1122 3056 7),

107 3078 164 3142 illa
187 3099 254 3142 non
276 3076 436 3161 repetivit,
460 3077 516 3140 sed
539 3076 761 3142 Metrodorecs
785 3100 935 3142 numeros
956 3075 1121 3143 Socrateis

108 3184 256 3249 adiunxit
275 3183 460 3266 scholisque
479 3183 513 3247 in
533 3185 679 3267 margine
693 3184 811 3266 posuit.
839 3183 960 3249 Verum
975 3182 1120 3249 ordinem

181 3361 207 3430 1)
226 3359 318 3414 Rcoac
337 3361 382 3414 des
400 3359 491 3414 studes
508 3375 643 3427 yrccqoec,
662 3359 721 3427 VII,
740 3355 787 3428 pp.
806 3364 859 3413 204
878 3376 952 3426 sqq:
975 3357 1015 3412 Le
1034 3359 1123 3412 calcal
1232 3347 1237 3357 '

108 3451 154 3504 des
169 3449 275 3518 parties
289 3448 536 3518 proportionatae
554 3449 615 3503 oter
633 3450 669 3503 lea
687 3449 850 3518 Byzantios.

109 3520 111 3528 Ι
180 3539 207 3606 2)
225 3537 339 3591 Errores
356 3537 565 3591 animadvertas
579 3536 664 3592 velim
672 3537 703 3590 in
712 3535 886 3604 compendiis
897 3535 1005 3604 solutis,
1019 3552 1066 3604 pp.
1077 3541 1121 3604 44,

109 3630 156 3694 183
177 3631 219 3695 53,
240 3631 285 3692 163
306 3631 347 3695 70,
368 3632 392 3695 7,
413 3633 458 3694 143
477 3627 547 3681 item
565 3626 703 3695 lacunam,
723 3629 766 3693 55,
786 3630 828 3680 20.
