2570 3988
135 1091 228 1156 Theo
257 1090 495 1157 Alexandrinus
524 1092 557 1156 in
584 1092 727 1178 primum
755 1092 874 1158 librum
906 1091 1085 1158 Ptolemaei

58 1196 320 1263 Mathematieae
335 1195 620 1285 compositionis1)
635 1199 690 1282 (ad
705 1195 861 1285 eap.IX):
880 1197 927 1264 Ἡ
940 1196 1001 1283 μὲν
1021 1194 1084 1263 οὖν

58 1316 186 1388 μοῖρα,
214 1303 251 1369 ἐν
277 1313 317 1390 τῇ
349 1303 418 1370 κατ’
441 1299 530 1381 εἶδος
563 1305 722 1389 δηλώσει,
754 1307 906 1391 καθάπερ
939 1306 1085 1391 μονάδος

57 1410 162 1488 τάξιν
186 1409 363 1496 ἐπέχουσα,
392 1410 594 1496 ἀμετάθετός
622 1411 713 1477 ἐστιν
736 1411 774 1477 ἐν
800 1421 870 1489 τοῖς
897 1416 1084 1478 πολλαπλα-

59 1529 230 1602 σιασμοῑς.
264 1518 366 1601 όνπερ
389 1519 453 1604 γάρ
474 1519 638 1603 τρόπονη
662 1519 766 1604 μονδις
789 1515 842 1582 ἐπὶ
865 1519 924 1584 τὸν
943 1522 964 1600 η’)
987 1518 1081 1602 άριθ·
1109 1545 1122 1586 5

60 1627 134 1708 μὸν
169 1629 522 1690 πολλαπλασιασθεῖσα
559 1608 679 1689 αὐτὸνΙ
698 1626 758 1690 τὸν
790 1632 812 1707 {²
844 1625 991 1709 άριθμὸν
1020 1649 1084 1707 φυ-

62 1731 190 1813 λάττει,
213 1728 268 1796 καὶ
292 1729 345 1796 ἐπὶ
363 1732 422 1796 τὸν
440 1717 462 1796 δ
480 1731 701 1816 τετράγωνον,
724 1731 826 1798 αὐτὸν
849 1734 908 1797 τὸν
931 1717 952 1795 δ
972 1732 1084 1816 τετρά-

62 1860 194 1920 γωνον,
217 1835 272 1902 καὶ
295 1835 348 1902 ἐπὶ
371 1839 431 1902 τὸν
449 1846 471 1921 η
488 1839 595 1921 κύβον
617 1839 721 1904 αὐτὸν
743 1838 803 1903 τὸν
820 1847 844 1921 η
861 1839 980 1921 κύβον·
1001 1836 1080 1903 καθ’

62 1942 85 2007 ἃ
112 1941 167 2008 καὶ
190 1947 418 2028 Διόφαντός
446 1961 541 2030 φησι·
574 1954 632 2028 της
658 1946 722 2029 γάρ
750 1946 896 2029 μονάδος
924 1943 1083 2028 ἀμεταθέ-

61 2075 129 2116 τον
144 2051 246 2134 οὔσης
260 2049 314 2115 καὶ
330 2049 473 2136 ἑστώσης
486 2052 638 2134 πάντοτε,
657 2054 694 2118 τὸ
711 2053 1082 2134 πολλαπλασιαζόμενον
1097 2080 1122 2119 ιο

62 2153 157 2235 εἶδος
180 2155 230 2223 ἐπ’
249 2158 353 2242 αὐτὴν
376 2157 456 2223 αὐτὸ
487 2159 523 2223 τὸ
551 2153 641 2236 είδος
668 2161 771 2224 ἔσται·
800 2159 859 2222 τὸν
882 2157 986 2223 αὐτὸν
1007 2161 1082 2243 τρό-

63 2286 132 2328 πον
155 2263 210 2329 ιιαλ
237 2265 258 2348 ἡ
286 2276 401 2351 μοῖρα,
431 2262 521 2349 ἐφ’ὃ
546 2262 576 2329 δ’
594 2263 636 2330 δν
659 2262 748 2343 εἶδος
771 2269 1081 2350 πολλαπλασιασθη,

64 2369 148 2436 αὐτὸ
176 2374 214 2437 τὸ
242 2365 333 2447 εἶδος
359 2372 530 2456 φυλάττει·
559 2373 643 2437 ὥστε
671 2384 771 2459 μοῖρα
798 2369 860 2456 μὲν
883 2369 936 2436 ἐπὶ
964 2373 1082 2455 μοίρας

64 2480 418 2542 πολλαπλασιασθεῖσα
454 2480 572 2560 μοίρας
610 2481 759 2562 ποιησει·
800 2475 854 2543 ἐπὶ
895 2473 933 2542 δὲ
968 2490 1081 2562 πρῶτα

63 2580 238 2665 ἑξηκοστά,
269 2581 425 2666 ἑξηκοστδι
446 2595 572 2667 πρῶτα·
602 2581 656 2649 ἐπὶ
679 2581 716 2650 δὲ
740 2585 893 2670 δεύτερα,
924 2583 1079 2668 δεύτερα·
1094 2609 1119 2649 15

63 2687 118 2754 ἐπὶ
142 2683 180 2753 δὲ
202 2690 307 2774 τρίτα,
325 2691 432 2772 τρίτα·
455 2686 510 2754 καὶ
533 2687 606 2772 ἑξῆς
629 2688 833 2765 ἀκολούθως.
876 2686 929 2754 ἐπὶ
953 2684 990 2753 δὲ
1012 2700 1079 2754 τῶν

62 2805 175 2879 μερῶν
196 2803 254 2878 τῆς
276 2797 395 2881 μοίρας
418 2794 527 2860 οὐκέτι
554 2796 591 2860 τὸ
619 2804 774 2861 τοιοῦτον
797 2794 1007 2881 εὑρίσκομεν,
1035 2795 1080 2872 ὡς

64 2900 138 2985 ἑξῆς
174 2901 409 2985 ἀποδείξομεν·
456 2902 558 2987 ὅνπερ
599 2903 662 2986 γάρ
700 2903 801 2966 πάλιν
836 2904 962 2987 τρόπον
997 2904 1079 2967 κατὰ

63 3010 296 3093 Διόφαντον
331 3007 367 3073 ἐν
399 3019 468 3085 τοίς
499 3013 828 3102 πολλαπλασιασμοίς
863 3019 930 3073 τῶν
967 3019 1078 3095 μερῶν

62 3124 121 3199 τῆς
143 3115 290 3199 μονάδος
313 3113 515 3200 ἑτεροιοῦται
540 3116 580 3178 τά
609 3117 694 3199 είδη·
723 3114 929 3201 άριθμοστὸν
953 3118 1017 3202 γάρ
1040 3119 1077 3182 τὸ
1092 3144 1118 3183 νο

62 3231 110 3304 γ·ν
133 3216 187 3306 ἐφ’
205 3220 302 3287 ἑαυτὸ
330 3224 700 3306 πολλαπλασιαζόμενον
724 3224 934 3307 δυναμοστὸν
961 3225 998 3288 τὸ
1025 3231 1078 3288 θον

63 3339 153 3393 ποιεῖ
183 3326 238 3393 καὶ
269 3330 306 3393 τὸ
340 3323 428 3404 εἶδος
459 3327 604 3393 άλλοιοῑ·
637 3330 697 3394 τὸν
730 3329 833 3395 αὐτὸν
864 3332 989 3416 τρόπον
1022 3327 1077 3395 καλ

136 3524 162 3592 1)
185 3520 327 3578 Parisinos
356 3519 466 3576 codices
495 3525 565 3576 2392
598 3523 628 3576 et
653 3527 722 3577 2396
751 3522 900 3593 descripsi:
929 3521 1076 3578 deterioris

62 3596 147 3650 notae
164 3608 210 3647 no.
226 3598 296 3649 2398
313 3591 461 3663 vulgatum
479 3592 584 3665 (Βαάλ,
602 3593 716 3665 Ηολιαο)
734 3593 854 3663 neglexi.

878 3681 914 3735 3*
