2570 3988
181 253 224 316 26
384 252 618 308 DIOPHANTUS
636 252 992 308 PSEUDEPIGRAPHUS.

180 419 268 483 ποίει
294 418 332 482 τὸ
360 415 538 482 ἀνάπαλιν·
571 417 713 482 πάντοτε
741 418 803 502 τὴν
830 419 978 501 πλευρὰν
1006 417 1207 501 δωδεκάκις,

181 526 333 606 γίνονται
350 525 385 609 ’ρ’
408 521 463 589 καὶ
482 527 600 610 μερίζω
618 530 817 607 καθολικῶς,
837 525 881 602 ῶς
899 535 1074 610 προεῖπον·
1094 519 1143 590 ὧν
1158 522 1206 608 ε’,

181 634 333 714 γίνονται
355 633 384 697 κ.
420 641 584 697 τοσοῦτον
606 630 626 715 ἡ
652 632 827 717 διάμετρος
848 639 909 696 τοῦ
932 631 1135 715 ὀκταχώνον.

238 737 347 804 Ἔστω
368 737 561 821 ἐννᾶχωνον
578 735 633 802 καὶ
648 737 746 823 ἐχέτω
764 740 826 823 τὴν
841 738 1018 824 διάμετρον
1031 745 1067 803 κ·
1086 739 1206 823 εὑρεῖν
1226 747 1256 795 31

155 846 286 911 ταύτοῦ
313 847 374 929 τὴν
401 846 558 929 πλευράν.
599 849 687 910 ποίει
718 845 836 922 οὑτως·
869 844 1009 911 πάντοτε
1037 846 1098 929 τὴν
1127 847 1205 911 διά-

181 976 303 1039 μετρον
326 954 549 1037 τρικλασίαζε,
580 954 732 1035 γίνονται
755 938 786 1032 5·
813 953 888 1038 ἄρτι
915 955 1046 1038 μερίζω·
1075 947 1123 1018 ὧν
1146 951 1205 1037 θ’,

181 1064 332 1144 γίνονται
355 1062 424 1127 ξολ
460 1067 622 1124 τοσοῦτον
644 1059 665 1142 ἡ
688 1059 824 1143 πλευρά.

181 1276 266 1339 ποίει
291 1274 328 1338 τὸ
352 1271 530 1337 ἀνάπαλιν·
561 1273 622 1356 τὴν
645 1275 793 1357 κλεορδν
817 1272 962 1356 ἐννάκις,
990 1276 1143 1356 γίνονται
1167 1275 1203 1354 5·
1275 1321 1276 1354 χ

142 1407 168 1445 10
182 1381 256 1465 ἄρτι
279 1383 398 1465 μερίζω
421 1384 620 1455 καθολικῶς·
645 1374 693 1443 ὧν
716 1382 839 1465 τρίτον,
862 1381 891 1445 κ.
928 1388 1091 1444 τοσοῦτον
1114 1383 1204 1446 ἔστω

180 1487 200 1570 ἡ
225 1487 407 1570 διάμετρος.

240 1591 346 1657 Ἔστω
366 1593 558 1675 δεκᾶχωνον
576 1590 632 1658 καὶ
651 1589 749 1677 ἐχέτω
763 1593 826 1676 τὴν
841 1593 1019 1677 διάμετρον
1032 1596 1066 1659 κ·
1085 1593 1203 1678 εὑρεῖν
1223 1599 1256 1648 33

181 1699 285 1765 αὐτοῦ
312 1700 374 1783 τὴν
401 1700 556 1785 πλευράν.
599 1699 740 1764 πάντοτε
766 1699 828 1782 τὴν
857 1701 1035 1784 διάμετρον
1062 1706 1203 1786 τριπλα-

181 1808 281 1887 σίαζε,
300 1809 452 1888 γίνονται
471 1806 500 1886 5·
519 1807 594 1890 ἄρτι
612 1810 746 1892 μερίζω·
766 1801 814 1872 ὧν
833 1805 983 1891 δέκατον,
1002 1810 1153 1891 γίνονται
1171 1811 1203 1876 ξ.

142 1937 167 1978 15
180 1921 342 1979 τοσοῦτον
366 1915 457 1977 ἐσται
479 1912 499 1995 ἡ
523 1913 657 1999 αλεορᾶ.

243 2017 321 2088 Ἐὰν
336 2015 373 2084 δὲ
389 2017 492 2106 θέλῃς
508 2020 567 2104 τὴν
582 2021 761 2105 διάμετρον
778 2021 890 2106 εὑρεῖν
904 2019 968 2086 ἀπὸ
982 2029 1040 2104 τῆς
1052 2026 1203 2105 πλευρᾶς
1223 2025 1255 2076 34

180 2137 240 2194 τοῦ
272 2125 391 2209 αὐτοῦ,
423 2129 511 2191 ποίει
543 2126 649 2205 οὑτως
679 2128 716 2191 τὸ
746 2126 924 2192 ἄνᾶταλιν·
956 2128 1019 2210 τὴν
1050 2129 1202 2214 πλευρὰν

181 2234 321 2316 δεκάκις,
345 2237 496 2316 γίνονται
519 2219 549 2312 5
572 2235 647 2320 ἄρτι
670 2237 789 2320 μερίζω
813 2238 1001 2311 καθολικῶς
1019 2236 1201 2318 τρισσᾶκις,

179 2343 331 2423 γίνονται
353 2342 383 2406 ῖι.
418 2340 625 2424 τοσοῦτονὴ
650 2340 831 2426 διάμετρος.

141 2472 168 2512 εο
239 2446 348 2512 Ἔστω
379 2445 608 2530 ἑνδεκολχωνον
638 2445 693 2513 καὶ
722 2446 820 2533 ἐχέτω
848 2449 909 2532 τὴν
938 2448 1116 2532 διάμετρον
1141 2433 1199 2532 κ-β·
1221 2453 1253 2502 35

181 2553 294 2636 εὑρεῖν
321 2553 426 2618 αὑτοῦ
452 2555 514 2638 τὴν
540 2554 697 2638 πλευράν.
740 2564 826 2619 ποιῶ
860 2554 978 2631 οὑτως·
1010 2559 1202 2632 καθολικῶς

181 2661 242 2744 τὴν
265 2660 440 2746 διάμετρον
463 2664 694 2747 τριπλασίαζω,
717 2664 869 2744 γίνονται
892 2645 944 2740 ἐξ·
968 2663 1042 2747 ἄρτι
1066 2665 1202 2746 μερίζω·

182 2761 230 2831 ὧν
255 2765 443 2850 ἑνδέκατον,
465 2770 495 2836 ξ.
532 2777 694 2833 τοσοῦτον
717 2767 737 2851 ἡ
761 2769 897 2852 πλευρά.

244 2870 324 2936 Ἐὰν
340 2868 376 2937 δὲ
390 2872 493 2959 θέλῃς
507 2875 569 2957 τὴν
584 2874 763 2960 διάμετρον
775 2874 886 2960 εὑρεῖν
897 2873 960 2940 ἀπὸ
970 2884 1029 2958 τῆς
1042 2880 1200 2960 πλευρᾶς,
1219 2881 1252 2929 36

141 3003 168 3044 ετ
181 2982 269 3044 ποίει
291 2980 329 3043 τὸ
354 2977 519 3044 ἀνάπαλιν
543 2979 662 3056 οὑτως·
685 2981 747 3063 τὴν
768 2982 916 3066 πλευρὰν
940 2979 1126 3063 ἕνδεκᾶκις,
1150 2985 1201 3064 χί-

181 3109 297 3151 νονται
321 3071 371 3164 51}
394 3082 449 3150 καὶ
468 3084 577 3172 μέριζε
595 3091 794 3164 καθολικῶς·
818 3081 867 3152 ὧν
885 3089 1008 3171 τρίτον,
1031 3073 1081 3172 κρῖ
1115 3089 1200 3153 ἔστω

180 3193 201 3276 ἡ
226 3193 401 3275 διάμετρος
423 3201 595 3258 τοσοῦτον.

253 3355 285 3403 31
302 3376 336 3396 =
351 3349 437 3418 Geep.
448 3355 507 3406 151.
527 3381 562 3392 -
582 3356 615 3404 32
632 3376 664 3396 =
680 3349 764 3420 ἄτερ.
777 3354 837 3405 155.
853 3381 887 3390 -
902 3355 936 3405 33
947 3377 980 3397 =
992 3350 1076 3418 Geep.
1089 3355 1151 3406 155.
1165 3382 1200 3393 -

181 3426 215 3474 34
230 3449 262 3467 =
279 3420 363 3490 Geep.
380 3426 441 3478 151.
461 3452 495 3461 -
515 3427 549 3476 οε
564 3448 599 3468 =
614 3420 699 3490 Geep.
715 3426 774 3477 155.
795 3453 828 3463 -
848 3427 882 3476 τι
897 3449 931 3468 =
946 3423 1032 3492 (τωρ.
1049 3426 1108 3476 159.

253 3564 479 3635 6τριπλασίαζε]
502 3563 605 3618 ultima
627 3562 711 3618 litera
734 3564 763 3618 in
786 3580 893 3618 rasura.
986 3566 1019 3617 18
1042 3562 1199 3636 τρισσᾶκις]

180 3635 330 3706 oportebat
348 3630 388 3691 δν
407 3635 446 3707 χ’.
