2578 3984
374 207 624 262 PACHYMERAE
642 208 904 267 PARAPHRASIS.
1083 211 1146 277 107

128 373 245 438 νάδων
278 369 314 436 ἐκ
345 381 407 437 τοῦ
439 372 520 437 ὅλου
551 369 713 449 δοθέντος
745 373 906 459 ἀριθμοῦ,
937 375 996 439 τὸν
1029 376 1148 440 λοιπὸν

130 484 238 564 ζητεῖν
270 480 302 543 εἰ
331 478 369 542 τὸ
402 479 520 544 λοιπὸν
552 477 651 562 μέρος
685 478 869 565 ἐπιδέχεται
900 480 918 546 ὃ
950 479 1005 545 καὶ
1037 486 1148 565 μεῖζον

128 585 293 669 ἐτίθεμεν.
329 583 384 650 καὶ
407 586 489 650 κατὰ
511 594 610 650 τοῦτο
633 585 738 663 εὐθὺς
761 587 875 652 λύεται
896 588 934 652 τὸ
957 590 1148 674 πρόβλημα·

128 691 374 776 συντιθέμενον
396 693 460 778 χάρ
485 691 591 758 έκεῖνο
617 694 654 757 τὸ
685 692 784 777 μέρος
810 702 856 782 τῷ
885 706 920 759 εῖ
948 692 1039 778 μέρει
1068 697 1148 782 ὅπερ

128 807 263 885 εῖχομεν
282 799 318 864 ἐκ
335 808 396 864 τοῦ
414 797 579 883 προτέρου
597 804 860 885 πολλαπλασίου,
880 801 1070 866 ἀποτελέσει
1088 803 1148 869 τὸν
1175 824 1188 864 5

128 907 384 991 ἐπιταττόμενον
413 906 569 992 ἀριθμόν.
607 909 638 971 εἰ
665 903 695 971 δ’
722 907 784 973 οὐκ
812 906 996 993 ἐπιδέχεται
1023 907 1149 987 ἐκεῖνος

126 1017 165 1080 τὸ
184 1023 339 1080 τοιοῦτον
354 1011 463 1099 μέρος,
484 1015 538 1079 δεῖ
553 1015 768 1099 προβιβάζειν
781 1016 840 1080 τὸν
856 1017 1014 1098 δεύτερον
1032 1038 1148 1081 πεντα-

126 1121 271 1187 πλάσιον
293 1121 353 1186 τὸν
374 1123 394 1182 ῐ
415 1128 476 1185 τοῦ
499 1124 520 1203 β
547 1118 602 1185 καὶ
630 1115 732 1197 αὖθις
760 1125 867 1204 ζητεῖν
892 1122 953 1186 τὸν
976 1123 1095 1187 λοιπὸν
1118 1124 1150 1186 εί

128 1229 345 1304 έπιδεικτιτιός
367 1226 438 1292 ἐστι
459 1225 607 1309 θατέρου
630 1225 765 1313 μέρους·
789 1230 821 1292 εἰ
843 1225 873 1292 δ’
901 1228 963 1293 οὐκ
986 1231 1072 1313 ἐστι,
1096 1229 1150 1293 δεῖ

126 1337 187 1401 τὸν
209 1337 323 1420 τρίτον
345 1334 593 1399 πενταπλάσιον
616 1335 675 1398 τὸν
693 1336 723 1398 ἵε
742 1343 803 1399 τοῦ
822 1338 843 1418 χ
860 1335 1074 1418 προβιβάζειν
1091 1332 1147 1400 καὶ
1162 1358 1187 1396 ιο

126 1442 235 1518 οὕτως
259 1445 365 1524 ζητεῖν
388 1441 449 1505 τὸν
472 1442 590 1506 λοιπὸν
614 1442 646 1505 εἰ
667 1439 850 1526 ἐπιδέχεται
868 1442 1015 1522 θάτερον
1036 1440 1146 1526 μέρος,

126 1548 184 1615 καὶ
207 1550 239 1614 εἰ
261 1547 458 1632 ἐπιδέχεται,
488 1551 682 1612 συντέθεται
705 1546 810 1613 έκεῖνο
834 1549 915 1631 μετὰ
937 1549 1059 1613 τούτου
1086 1558 1147 1613 τοῦ

126 1655 252 1742 μέρους
274 1652 329 1720 καὶ
351 1657 479 1737 γίνεται
507 1653 525 1720 ὁ
550 1654 801 1738 ἐπιταττόμενος
828 1654 985 1740 ἀριθμός·
1013 1652 1068 1720 καὶ
1096 1652 1147 1720 ἀεὶ

127 1765 250 1846 οὕτως,
283 1761 344 1839 ἕως
372 1756 413 1826 οὗ
440 1763 689 1845 καταντήσομεν
719 1763 766 1838 εἰς
793 1761 922 1827 ἐκεῖνον
950 1761 987 1838 ὃς
1015 1765 1081 1846 έχει
1107 1764 1145 1827 τὸ

125 1869 228 1955 μέρος
251 1868 269 1934 ὃ
294 1872 469 1953 ζητοῦμεν,
498 1868 659 1950 ἐπείτοιγε
686 1869 723 1933 τὸ
751 1877 884 1952 χωροῦν
911 1868 1011 1954 μέρος
1039 1868 1077 1934 ἐν
1098 1876 1144 1956 τῷ
1160 1891 1187 1931 15

125 1977 261 2064 ἀριθμῷ
284 1983 329 2063 τῷ
355 1973 493 2041 δοθέντι
517 1974 766 2059 ἐπιταττόμεθα.

198 2076 281 2149 Οἷον
308 2084 367 2148 τὸν
397 2081 542 2148 δοθέντα
575 2080 722 2166 ἀριθμὸν
750 2083 809 2147 τὸν
836 2087 857 2147 ν
886 2080 1071 2168 διαιρετέον
1099 2085 1147 2160 εἰς

125 2191 295 2274 ἀριθμοὺς
318 2190 381 2255 δύο
405 2184 453 2254 ὧν
476 2188 640 2274 ἑκατέρων
662 2198 723 2254 τοῦ
746 2186 807 2274 μὲν
830 2188 930 2274 μέρος
948 2200 1001 2272 εον,
1024 2198 1086 2255 τοῦ
1109 2185 1146 2255 δέ

126 2296 228 2382 μέρος
247 2301 288 2377 {⁰⁹
307 2298 405 2382 ἀμφω
425 2294 629 2361 συντεθέντα
649 2295 796 2381 ἀριθμὸν
814 2298 875 2361 τὸν
893 2307 915 2380 η
932 2300 1146 2380 ποιήσουσιν·

126 2405 241 2488 ἐπειδὴ
265 2405 328 2488 χδιρ
356 2412 417 2469 τοῦ
445 2400 506 2488 μέν
529 2413 586 2486 εον,
617 2411 678 2468 τοῦ
702 2399 738 2468 δὲ
764 2407 805 2482 §⁰⁹
832 2402 1063 2487 ἀπαιτούμεθα
1090 2401 1146 2468 καὶ
1160 2426 1186 2467 εο

126 2514 175 2588 εἰς
198 2521 220 2595 η
247 2510 267 2594 ἡ
292 2511 454 2586 σύνθεσις
480 2510 610 2574 τούτων
637 2520 757 2592 κεῖται,
784 2511 821 2574 τὸ
847 2513 888 2588 ζθν
911 2512 1048 2574 ἔλαττόν
1076 2509 1145 2574 ἐστι

124 2625 188 2682 τοῦ
216 2627 273 2682 εσυ·
303 2617 517 2702 λαμβάνομεν
545 2618 604 2681 τὸν
632 2627 765 2701 πρῶτον
794 2615 1016 2682 ἕπταπλάσιον
1043 2617 1103 2681 τὸν
1132 2621 1147 2696 ζ

125 2725 210 2807 πρὸς
242 2725 301 2789 τὸν
328 2731 349 2788 ἇ
377 2722 432 2790 καὶ
461 2727 551 2789 έστιν
580 2723 597 2789 ὁ
626 2721 822 2807 ἀφαιρεθεὶς
852 2722 995 2808 ἀριθμὸς
1022 2721 1059 2787 ἐκ
1085 2734 1146 2789 τοῦ

126 2831 277 2915 ἀρχῆθεν
300 2831 463 2907 δοθέντος
486 2830 635 2916 ἀριθμοῦ
658 2829 676 2896 ὁ
700 2814 719 2909 ξ
742 2828 798 2894 καὶ
827 2828 844 2893 ὁ
868 2831 983 2906 λοιπὸς
1005 2833 1064 2916 μ’μ’
1095 2830 1149 2894 δεῖ

127 2938 170 3021 δὴ
196 2941 302 3022 ζητεῖν
325 2936 380 3004 καὶ
403 2948 465 3004 τοῦ
488 2942 607 3003 λοιποῦ
625 2940 670 3021 ᾗ
693 2939 730 3002 τὸ
749 2946 803 3020 εον,
827 2933 898 3001 ἀλλ’
922 2937 983 3002 οὐκ
1002 2939 1069 3022 ἔχει
1087 2946 1145 3001 εθῖ·
1160 2957 1186 2997 ετ

127 3046 185 3109 διδ
207 3055 306 3110 τοῦτο
330 3046 390 3110 τὸν
414 3046 572 3127 δεύτερον
596 3042 820 3110 ἑπταπλάσιον
840 3047 959 3128 τίθημι
981 3043 1037 3109 καὶ
1056 3046 1146 3109 ἐστιν

127 3151 146 3217 δ
181 3137 217 3217 ιδ
245 3152 329 3235 πρὸς
360 3152 420 3216 τὸν
453 3155 491 3234 β·
524 3152 646 3216 τούτου
678 3149 920 3236 ἀφαιρεθέντος
953 3151 989 3217 ἐκ
1020 3160 1081 3218 τοῦ
1113 3154 1145 3233 ν,

129 3259 421 3343 ἐναπελείφθησαυ
441 3243 500 3340 fi,
534 3255 607 3322 ἀλλ’
631 3254 704 3322 οὐδ’
731 3253 830 3334 οὗτος
853 3262 918 3343 έχει
942 3269 985 3324 εθν
1007 3256 1062 3324 καὶ
1091 3259 1146 3323 διὰ

127 3375 227 3431 τοῦτο
252 3359 355 3442 αὖθις
376 3366 435 3430 τὸν
458 3367 572 3452 τρίτον
596 3362 819 3431 ἕπταπλάσιον
841 3367 900 3430 τὸν
918 3369 964 3431 πα
985 3367 1069 3451 πρὸς
1086 3367 1145 3431 τὸν

176 3598 216 3707 ,5
235 3594 456 3665 πολλαπλασίου]
475 3593 541 3650 sors.
560 3593 616 3664 leg.
635 3594 853 3649 πενταπλασίου.
917 3599 951 3646 14
969 3590 1011 3664 ὃς]
1031 3589 1064 3647 ὃν
1083 3591 1145 3648 eod.
