2570 3988
455 196 732 249 PROLEGOMENA.
1028 195 1101 250 XLV

152 353 203 419 De
243 361 431 421 transversa
467 357 552 420 linea
588 358 673 421 inter
708 363 948 422 numeratorem
981 363 1014 423 et
1049 359 1100 422 den

85 463 328 527 nominatorem
353 463 405 527 vix
434 464 606 548 quicquam
634 464 800 528 diiudicari
827 469 946 547 potest.
990 463 1042 530 Ad
1066 466 1102 530 li-

88 569 195 634 bitum
220 569 345 633 librarii
369 575 439 634 tum
464 570 575 635 addita
597 576 666 635 tum
689 570 1102 656 neglectavidetur,1sicut

89 698 189 759 supra
212 698 364 740 numeros
387 676 545 761 integros.
582 675 617 741 Si
637 682 745 741 autem
765 700 835 742 mos
857 678 947 740 illam
967 677 1102 742 ducendi

88 782 123 847 in
150 803 303 846 normam
330 784 516 863 transisset,
549 785 684 868 antiqua
712 784 872 849 scribendi
902 783 985 848 ratio
1016 784 1102 848 haud

88 888 183 953 facile
207 890 382 955 immutata
404 889 497 954 foret

155 993 247 1059 Haec
283 1000 358 1059 sunt
395 1019 477 1081 quae
514 997 780 1062 animadvertisse
813 1019 929 1080 operae
961 997 1102 1080 pretium

89 1102 180 1166 duxi:
209 1106 245 1165 ut
270 1107 377 1166 autem
404 1105 518 1186 paucis
541 1104 649 1168 verbis
673 1103 878 1186 concludam,
904 1101 1101 1187 Byzantmas

87 1207 337 1272 mathematicas
373 1211 558 1274 notationes
592 1231 630 1274 ex
665 1210 827 1275 codicibus
860 1211 1026 1291 novimus,
1063 1210 1102 1274 de

89 1313 235 1398 antiquis
263 1337 359 1398 saepe
387 1316 442 1381 vix
467 1317 667 1381 coniecturas
692 1317 804 1382 afferre
831 1338 1016 1401 possumus3
1043 1339 1102 1381 uec

89 1419 283 1485 credendum
316 1422 376 1486 has
408 1422 594 1488 notationes
628 1427 697 1486 tam
733 1423 831 1507 longo
864 1423 1019 1506 temporis
1052 1423 1103 1486 de·

89 1549 186 1591 cursu
209 1527 347 1606 fideliter
377 1534 521 1593 servatas
545 1528 660 1612 fuisse3
690 1550 806 1614 graves
830 1529 1027 1594 mutationes
1051 1529 1102 1592 de-

89 1638 282 1712 monstrare,
306 1635 471 1718 graviores
495 1635 605 1720 forsan
629 1635 786 1700 coniicere
809 1635 894 1700 licet.

551 1919 641 1983 VIII.

156 2061 402 2147 Prolegomenis
435 2062 524 2126 hisce
553 2062 735 2127 coronidem
768 2067 804 2126 ut
835 2063 1015 2147 imponam,
1048 2064 1103 2129 ali-

91 2191 173 2254 quas
187 2173 282 2233 notas
298 2168 425 2233 criticas
447 2169 630 2250 recensebo,
648 2190 728 2253 quas
748 2169 781 2233 iu
801 2170 922 2234 chartis
942 2169 1104 2235 aNessel-

90 2297 211 2340 manno
236 2276 357 2340 relictis
381 2275 529 2340 inventas
553 2275 759 2340 doctissimus
780 2275 864 2340 Max.
885 2274 1000 2341 Ourtze
1023 2277 1104 2342 mihi

91 2386 206 2464 sponte
236 2404 293 2445 sua
322 2381 554 2446 humanissime
582 2381 773 2447 transmisit.
818 2382 1017 2448 Bachetiana
1040 2385 1104 2449 edi-

90 2488 180 2552 tione
218 2511 295 2552 usus
333 2488 541 2570 codicumque
580 2488 873 2571 manuscriptorum
911 2511 971 2573 ope
1008 2491 1105 2554 desti-

91 2598 193 2678 tutus,
217 2596 374 2678 genuinas
399 2594 552 2660 lectiones
575 2595 662 2659 haud
687 2596 786 2658 semel
808 2594 940 2679 (viginti
965 2597 1105 2680 quinque

91 2698 187 2788 locis)
221 2703 353 2785 proprio
382 2701 488 2766 Marte
516 2699 770 2766 Nesselmannus
800 2701 943 2765 restituit
970 2705 1105 2767 nonnul-

91 2808 188 2892 laque
211 2807 452 2892 typographica
475 2808 592 2872 menda
620 2812 716 2892 (quae
740 2809 839 2871 tacite
863 2809 1001 2873 sedecim
1024 2810 1105 2875 locis

93 2911 233 2998 correxi)
263 2915 409 2999 susluIIt3
439 2937 520 2998 quae
545 2915 653 2979 omnia
677 2914 848 2999 sigillatim
872 2915 1028 2980 adnotare
1052 2940 1107 3002 pa-

93 3043 165 3084 rum
200 3021 280 3085 utile
312 3021 394 3085 mihi
426 3022 566 3107 videtur3
599 3021 653 3086 sed
686 3022 819 3105 insuper
846 3023 953 3087 varias
986 3045 1106 3090 correc-

94 3127 198 3192 tiones
217 3127 398 3210 proposuit,
422 3149 503 3211 quae
526 3127 612 3192 haud
632 3128 762 3193 omnino
787 3129 999 3214 negligendae
1021 3135 1108 3197 sunt.

161 3233 235 3298 Vol.
253 3233 277 3318 I,
301 3257 330 3318 p.
347 3236 398 3318 30,
419 3235 461 3298 23
487 3239 518 3297 et
542 3235 593 3311 32,
613 3236 653 3298 21
680 3235 718 3297 de
743 3233 882 3300 dictione
905 3234 923 3300 ὁ
947 3227 994 3312 εἷς
1017 3237 1106 3302 dubi·
1185 3247 1187 3252 '

95 3341 254 3404 tationem
274 3347 389 3405 movet.
412 3378 449 3386 -
476 3342 563 3420 426
587 3349 646 3406 τοῦ
670 3364 704 3404 τε
727 3342 748 3405 ri
769 3339 824 3406 καὶ
844 3343 946 3426 <τοῦ>
964 3327 999 3426 l,
1027 3345 1106 3408 item

95 3447 208 3529 9218
234 3449 269 3512 ἔκ
296 3471 331 3512 τε
359 3456 419 3513 τοῦ
448 3432 468 3511 d
493 3444 547 3512 aad
571 3447 674 3530 <τοῦ>
697 3433 725 3511 ᾗ
751 3448 902 3513 restituit.
928 3485 965 3496 -
992 3451 1106 3532 42,16

95 3554 131 3618 ol
155 3557 256 3640 τρεῖς]
286 3557 349 3618 σὺν
377 3565 465 3637 τρεῖς
496 3577 576 3620 corr.
610 3592 651 3600 -
684 3555 741 3638 48,
767 3555 808 3619 13
839 3554 1001 3638 ἐλάσσων]
1036 3555 1107 3619 ἐλά-
