2570 3988
95 269 97 274 .
196 205 239 269 38
339 203 387 256 DE
407 202 618 258 DIOPHANTO
637 201 863 258 TESTIMONIA
881 201 1067 258 VETERUM.
1130 189 1135 193 ’

196 370 506 452 πολλαπλασιαοθῇ,
530 366 639 452 ὥσπερ
658 365 676 431 6
701 350 724 429 δ
740 363 792 430 ἐπὶ
810 366 869 430 τὸν
887 374 912 448 η
929 363 1131 450 καὶγίνεται
1150 353 1216 450 λβ·

196 473 233 550 ὃς
262 479 408 538 καλεῖται
440 474 585 556 ἀλογος
615 483 767 558 πρῶτος
795 469 887 560 (οὔτε
914 473 977 557 γάρ
1004 472 1213 559 τετράγωνός

195 578 286 644 ἐστιν
305 580 381 644 οὔτε
399 577 515 666 κύβος)
529 577 585 644 καὶ
599 579 769 664 ἀριθμὸς
787 577 974 664 πέμπτος·
998 590 1128 663 πρῶτος
1145 583 1210 665 γάρ

195 685 307 764 ἀπλώς
325 687 478 772 ἀριθμός,
499 688 653 772 δεύτερος
673 688 822 770 δύναμις,
842 689 952 768 τρίτος
967 686 1080 770 κύβος,
1099 685 1210 773 τέταρ-

169 813 251 870 ττος
270 795 553 877 δυναμοδύναμις,
576 791 631 857 καὶ
650 792 794 877 πέμπτος
813 787 910 869 οὗτος
929 792 946 858 6
968 795 1207 877 δυναμύκυβος.

193 903 418 985 κυβύκυβος
447 898 487 964 δέ
512 898 602 964 ἐστιν
631 900 710 965 ὅταν
738 901 840 985 κύβος
867 897 919 983 ἐφ’
944 897 1064 966 ἑαυτὸν
1088 903 1209 965 πολλα·
1276 987 1277 990 ¹

193 1005 411 1084 πλασιασδελς
443 1005 589 1090 ἀριθμὸν
611 1008 742 1091 ποιήση.
788 1007 931 1089 ἀλοηος
960 1001 997 1071 δὲ
1025 1007 1209 1092 δεύτερος
1277 1047 1278 1088 3

194 1112 337 1199 ἀριθμός
355 1112 446 1178 ἐστιν
460 1113 541 1178 ὅταν
561 1113 702 1196 δύναμις
721 1109 774 1177 ἐπὶ
792 1113 916 1194 ἀλοηον
935 1123 1069 1197 πρῶτον
1088 1119 1208 1178 πολλα·
1276 1131 1278 1204 η

193 1225 398 1304 πλασιασθη·
427 1227 484 1304 τῆς
511 1220 575 1302 γάρ
600 1219 772 1303 δυνάμεως
796 1219 899 1302 οὔσης
921 1220 1078 1302 μονάδων
1102 1223 1137 1303 δ,
1165 1221 1210 1298 ὡς
1277 1213 1278 1226 ’

154 1347 180 1387 10
195 1332 337 1411 εἴρηται,
365 1335 425 1391 τού
449 1323 485 1390 δὲ
508 1326 642 1408 πρώτου
666 1325 790 1407 ἀλόγου
813 1326 970 1410 μονάδων
993 1313 1053 1410 λβ,
1081 1327 1118 1391 τὸ
1146 1325 1204 1392 ὑπ’

195 1433 305 1498 αὐτών
329 1435 419 1497 ἔσται
443 1432 601 1516 μονάδων
619 1436 698 1516 ffb
721 1433 802 1517 ὅπερ
826 1437 971 1497 καλεῖται
995 1434 1210 1516 ἀλογοςδεύ-

193 1559 300 1622 τερος·
333 1544 480 1604 καλεῖται
509 1537 546 1604 δὲ
575 1538 592 1604 6
622 1539 720 1614 αὐτὸς
746 1536 801 1603 καὶ
829 1539 1001 1624 ἀριθμὸς
1033 1539 1209 1625 ἕβδομος.

192 1652 386 1730 τετραπλῆ
411 1641 447 1710 δὲ
472 1647 640 1729 δύναμίς
665 1645 753 1710 ἐστιν
773 1645 854 1711 ὅταν
873 1646 1014 1730 δύναμις
1035 1644 1087 1712 ἐπὶ
1111 1650 1210 1730 κυβό-

191 1754 298 1836 κυβου
324 1757 640 1837 πολλαπλασιασθη·
672 1752 793 1834 κύβος
825 1748 862 1817 δὲ
896 1750 1091 1830 ἐξελικτύς
1119 1753 1210 1819 ἐστιν
1276 1767 1278 1812 ἲ

152 1879 178 1918 15
192 1859 272 1924 ὅταν
303 1861 443 1943 δύναμις
473 1857 526 1924 ἐπὶ
556 1860 681 1943 ἀλογον
712 1859 869 1943 δεύτερον
899 1864 1209 1946 πολλαπλασιασθῂ.

191 1977 258 2030 τῶν
291 1962 328 2030 δὲ
360 1968 523 2031 τοιούτων
556 1965 711 2051 ἀριθμῶν
743 1963 798 2031 καὶ
835 1966 874 2030 τά
911 1965 1072 2051 ὁμώνυμα
1108 1971 1210 2051 μόρια

192 2070 313 2155 ὁμοίως
334 2073 465 2149 τούτοις
487 2074 702 2156 κληθήσεται·
736 2081 797 2136 τοῦ
821 2067 882 2155 μὲν
906 2071 1068 2157 ἀριθμοῦ,
1093 2074 1209 2158 ἀριδ-

190 2181 353 2260 μοστόν·
390 2188 447 2261 της
479 2175 516 2243 δὲ
549 2179 736 2262 δυνάμεως,
770 2180 1038 2263 δυναμοστόν·
1077 2189 1139 2245 τοῦ
1172 2177 1210 2245 δὲ

189 2285 307 2368 κύβου,
330 2287 542 2369 κνβοστόν·
566 2293 624 2368 τῆς
642 2283 679 2349 δὲ
699 2285 1013 2369 δυναμοδυνάμεως,
1035 2286 1209 2371 δυναμο-

150 2391 454 2475 τοδυναμοστύν·
486 2400 547 2456 τοῦ
576 2388 612 2455 δὲ
644 2391 897 2475 δυναμοκύβου,
931 2393 1208 2477 δυναμοκυβο-

191 2500 295 2563 στύν·
319 2507 379 2563 τοῦ
404 2494 440 2563 δὲ
463 2499 666 2582 κυβοκύβου,
690 2500 1001 2580 κυβοκυβοστόν.

257 2602 343 2687 Περὶ
371 2600 408 2669 δὲ
436 2613 494 2688 τῆς
523 2606 738 2686 αἰγυπτιακῆς
773 2605 923 2688 μεθόδου
957 2605 1077 2689 ταύτης
1113 2609 1209 2672 Διά-

189 2735 338 2795 φαντος
361 2707 423 2795 μὲν
446 2711 599 2794 διέλαβεν
623 2709 868 2795 ἀκριβέστερον,
897 2711 915 2776 6
945 2708 982 2776 δὲ
1009 2712 1209 2794 λογιώτατος

185 2814 408 2894 Ἀνατύλιος
435 2819 475 2882 τά
503 2817 766 2882 συνεκτικώτατα
796 2814 878 2902 μέρη
906 2827 963 2901 τῆς
990 2814 1061 2883 κατ’
1078 2818 1208 2884 ἐκεῖνον

149 2943 175 2983 25
190 2922 367 3009 ἐπιστήμης
390 2923 632 3008 ἀπολεξάμενος
656 2921 774 3009 ἑτέρως
794 2926 977 3012 Διοφάντω
1002 2928 1208 2992 σννοτττικώ-

261 3147 326 3212 Ιδς
340 3148 366 3217 S,
386 3149 435 3204 καὶ
448 3149 478 3205 L.
515 3149 662 3222 λάλοηος]
680 3150 711 3204 in
729 3168 785 3220 mg.
806 3152 934 3215 ἀναίτιος
947 3153 978 3206 L.
1017 3159 1164 3221 3πρῶτον
1177 3154 1209 3208 L.

220 3227 241 3308 Ι4
265 3220 397 3290 δεύτερον
425 3265 431 3277 .
456 3263 462 3275 .
491 3223 585 3312 τρίτον
613 3264 619 3276 .
644 3265 650 3277 .
678 3220 810 3293 τέταρτον
834 3225 863 3278 L.
951 3228 967 3276 δ
990 3223 1039 3278 καλ
1063 3241 1116 3279 om.
1140 3226 1171 3278 L.

190 3291 370 3418 ἀὲμλῖλλάι
388 3293 779 3434 ἀάλλλσῗῆιάῗάιὲῗι
797 3294 853 3420 ῗλι
870 3291 1062 3436 λῖἀῖτλῗά
1101 3297 1208 3422 1136Ῑά

189 3442 239 3488 τοῦ
260 3431 292 3488 δὲ
311 3434 399 3506 κύβου
419 3478 425 3490 ,
442 3477 469 3490 .,
489 3434 777 3505 δυναμοδυναμοστύν
796 3452 850 3491 om.
870 3437 896 3492 S.
965 3443 998 3490 22
1018 3435 1050 3492 δὲ
1069 3454 1123 3492 om.
1144 3437 1170 3492 S.

190 3504 293 3574 ταύτης
312 3505 441 3575 μεθόδου
451 3506 481 3561 [ι.
519 3511 553 3559 23
572 3507 736 3578 περιέλαβεν
747 3507 776 3561 L.
815 3511 849 3560 24
868 3502 978 3563 ἐκείνου
990 3510 1016 3564 S.
1053 3514 1088 3563 26
1107 3504 1208 3579 ἑτέρως

189 3575 298 3645 scripsi,
319 3571 402 3646 ἑτέρω
422 3577 472 3632 1ιὸ.
509 3578 732 3634 συνεκτικώτατα
751 3576 778 3632 S.
