2578 3984
354 187 508 243 SGHOLIA
525 188 566 244 IN
583 188 836 245 DIOPHANTUM.
1036 191 1098 255 131

150 352 201 416 Ac
230 347 291 436 μὲν
324 352 614 435 δυναμοδυνάμτις
646 362 748 418 πᾶσαι
780 353 981 439 τετράγωνοι
1014 347 1101 418 εἶναι

78 458 265 523 δύνανται·
298 457 361 523 άπὸ
389 459 453 544 γὰρ
482 459 658 543 δυνάμεων
686 457 738 544 ἐφ’
762 456 881 537 ἑαυτὰς
911 465 1100 526 πολλαπλα-

78 571 290 630 σιασθεισῶν
312 567 473 648 γίνονται.

151 672 198 736 06
219 667 256 736 δὲ
280 672 521 756 δυναμόκυβοι,
544 671 654 756 ὥσπερ
674 673 709 737 οδ
727 673 838 756 κύβοι·
863 674 937 739 ὅσοι
954 669 1017 759 μὲν
1036 675 1100 760 γὰρ

79 778 196 843 αὐτῶν
227 777 339 856 ἁπλῶς
372 779 603 862 δυναμόκυβοί
632 780 732 862 εἰσιν,
765 780 810 857 ὡς
838 781 856 846 6
885 785 926 866 λβ
957 777 1012 847 καὶ
1036 780 1099 865 <ὁ>
1127 805 1140 843 υ

78 905 148 972 σμγ
167 883 352 969 <καὶ>ὁζ
327 889 429 974 ζψος,
453 883 494 951 οὐ
516 880 730 950 δύνανται
699 909 785 951 ειναι
808 883 862 951 καὶ
881 888 1099 970 τετράγωνοι·

80 994 157 1058 ὅσοι
182 989 219 1057 δὲ
242 992 305 1057 άπὸ
331 992 575 1076 δυναμοκύβοιν
599 990 710 1070 ἁπλῶς
739 990 828 1077 ἐφ’
812 997 951 1070 εαυτοὺς
977 999 1100 1060 πολλα-

80 1097 359 1165 πλασιασθέντων
393 1101 568 1181 γεγόνασι,
606 1095 661 1163 καὶ
697 1100 899 1184 τετράγωνοι
936 1101 1100 1166 δύνανται

81 1201 186 1290 εἶναι,
214 1205 258 1282 ὡς
281 1203 430 1270 ἀπὸτοῦ
453 1208 495 1288 λβ
524 1201 577 1288 ἐφ’
596 1203 717 1273 ἑαυτὸν
740 1206 937 1290 γινομένου,
966 1208 985 1274 6
1009 1209 1099 1296 ακδ,

80 1310 179 1485 nalo
161 1324 223 1379 τοῦ
217 1314 312 1485 δῑμγ
335 1309 423 1396 ἐφ’
406 1314 527 1378 ταυτὸν
551 1311 631 1396 ὁμο
629 1336 684 1394 ως
709 1313 862 1402 δὲθμθ.
1114 1338 1139 1377 10

181 1417 459 1503 λδὲκυβόκυβοι
481 1419 602 1496 πάντες
628 1418 684 1485 καὶ
712 1421 915 1505 τετράγωνοι
939 1421 1100 1487 δύνανται

1 1525 2 1594 ?
81 1522 182 1592 εἶναι·
202 1527 265 1592 άπὸ
284 1527 348 1611 γάρ
361 1526 475 1610 κύβων
489 1523 544 1611 ἐφ’
562 1524 701 1604 ἑαυτοὺς
714 1526 1099 1594 πολλαπλασιασθέντων

80 1637 247 1718 γεγόνασι.

148 1738 409 1826 Παρατηρητεόν
424 1738 461 1805 ἐν
474 1748 519 1828 τῷ
534 1742 674 1822 παρόντι
688 1739 909 1826 διαγράμματι
923 1738 978 1806 καὶ
987 1750 1098 1824 τοῦτο,

80 1847 125 1926 ὡς
151 1848 193 1912 τὰ
220 1847 449 1931 ὑποβεβηκότα
481 1844 606 1934 ἑκάστῳ
637 1856 705 1911 τῶν
732 1845 888 1932 ἀριθμῶν
916 1850 988 1931 εἴδη
1016 1849 1098 1912 κατὰ
1112 1870 1139 1911 15

79 1956 142 2039 τὴν
165 1965 233 2019 τῶν
256 1953 404 2039 ἀρτιάκις
422 1953 546 2041 ἀρτίων
564 1954 811 2039 προκόπτουσιν
831 1955 969 2038 ἔφοδον,
993 1956 1025 2020 εἰ
1043 1952 1098 2020 καὶ

80 2061 124 2146 μὴ
148 2061 257 2126 πάντα
280 2062 376 2149 άρτια
399 2054 481 2144 εἶεν,
513 2056 585 2125 ἀλλ’
613 2052 741 2147 οἷοιπέρ
770 2061 856 2126 εἰσιν
884 2063 920 2127 ολ
946 2061 1097 2148 ἀριθμοί,

80 2176 218 2233 τοιαῦτα
249 2169 331 2233 κατδι
363 2169 400 2233 τὸ
427 2170 587 2252 περισσόν
613 2191 649 2232 τε
681 2165 737 2232 καὶ
769 2168 886 2254 άρτιον
913 2166 967 2233 καὶ
995 2169 1036 2232 τὰ
1065 2167 1097 2247 ἐξ

80 2275 193 2341 αὐτῶν
216 2276 297 2358 ελδη.

146 2381 168 2466 ἡ
192 2379 253 2466 μὲν
277 2375 339 2446 οὖν
362 2380 477 2465 μονάς,
501 2379 613 2464 ἐπειδὴ
636 2387 676 2466 τῇ
701 2381 826 2464 ἰσότητι
850 2379 1016 2462 ἀναλογεῖ,
1042 2377 1098 2446 καὶ
1112 2404 1138 2444 ιο

5 2557 6 2582 ¹
79 2492 119 2555 τά
141 2488 373 2572 ὑποβεβηκότα
395 2487 479 2572 αὐτῇ
503 2488 575 2570 ελδη
599 2486 748 2571 μονάδας
770 2489 845 2571 ἔχει.

5 2591 7 2684 ἶ
147 2596 165 2662 6
191 2592 227 2660 δὲ
251 2581 272 2680 β
296 2594 524 2679 ὑποβεβηκότα
552 2595 618 2679 ἔχει
646 2595 705 2659 τὸν
729 2578 751 2658 δ
777 2593 954 2658 διπλάσιον
981 2592 1098 2676 αὐτοῦ,

6 2693 7 2760 δ
80 2702 134 2770 καὶ
158 2704 177 2770 6
201 2689 224 2767 6
243 2704 346 2769 τὸν
324 2728 344 2786 η
365 2700 541 2767 διπλάσιον
560 2700 677 2782 αὐτοῦ,
699 2697 754 2764 καὶ
773 2699 791 2764 6
811 2709 832 2783 ἦ
850 2701 909 2765 τὸν
927 2700 963 2768 ἦ
982 2698 1097 2763 διπλά-

80 2829 156 2878 σιον
179 2811 293 2893 αὐτοῦ,
315 2807 371 2874 καὶ
395 2806 477 2891 ἑξῆς.

148 2918 166 2984 6
191 2914 266 2982 δὲ’
246 2942 267 3000 γ
285 2917 386 2981 πάλιν
403 2917 463 2981 τὸν
481 2900 508 2979 6
523 2914 720 3001 τριπλάσιον
739 2911 854 2995 αὐτοῦ,
875 2908 931 2975 καὶ
951 2910 968 2976 6
987 2895 1016 2976 6
1038 2911 1096 2976 τὸν
1111 2933 1137 2975 25

79 3030 117 3106 κζ
134 3025 331 3109 τριπλάσιον
345 3022 461 3106 αὐτοῦ,
478 3020 535 3086 καὶ
553 3021 571 3086 6
585 3022 667 3100 κζ
638 3044 697 3088 τον
711 3044 755 3086 πα
711 3017 967 3105 ’τριπλάσιον
980 3017 1096 3103 αὐτοῦ,

79 3131 133 3199 καὶ
158 3131 230 3215 ἑξῆς
254 3129 383 3214 ὁμοίως.

146 3236 201 3304 καὶ
225 3237 345 3312 παντες
368 3259 386 3299 ο
389 3235 519 3300 λάλλοι
547 3231 688 3320 ἀριθμοὶ
715 3233 959 3309 τοσαπλασίους
986 3231 1096 3298 αὐτῶν

82 3581 114 3630 22
153 3507 245 3556 14πα
203 3520 370 3629 γῦρατηρητ
372 3499 420 3556 έον
438 3500 490 3573 Χ,,
512 3518 641 3570 ααρατητ
643 3495 691 3553 έον
710 3495 769 3552 alii.
841 3501 873 3549 21
894 3496 989 3566 αὐτῆς.

134 3568 202 3629 ἕαυτ

898 3656 934 3709 9*
