2570 3988
198 228 314 283 XXVIII
562 229 840 281 PROLEGOMENA.

200 413 262 476 que
286 390 464 456 alibrariis
484 395 521 455 ut
545 411 740 474 anonymam
765 390 960 474 descriptam
983 388 1096 472 fuisse3
1121 388 1219 453 simi·

200 500 264 563 lem
285 499 351 563 imo
370 498 526 562 maiorem
546 497 769 562 confusionem
787 495 822 560 iu
840 495 1060 561 Ambrosiano
1084 495 1216 560 inveni·

200 627 281 690 mus,
305 606 360 690 qui
380 626 457 690 ergo
476 604 541 668 nisi
560 603 771 688 archetypum
790 604 907 687 ipsum,
928 606 1013 667 certe
1032 602 1217 686 archetypo

199 711 384 796 propiorem
413 711 556 777 codicem
583 710 678 775 nobis
706 712 929 794 repraesentat
957 731 1053 793 quam
1082 708 1141 772 alii
1173 709 1218 772 de

199 819 316 902 quibus
340 818 426 883 infra
450 817 593 882 dicturus
618 840 698 882 sum.

268 924 374 1001 Quum
402 924 526 990 itineris
554 924 660 989 Italici
688 925 753 988 mei
783 924 834 988 die
861 923 976 988 ultimo
1005 922 1217 1007 spicilegium

199 1031 262 1097 hoc
289 1032 490 1115 insperatum
518 1031 598 1095 mihi
628 1032 773 1096 oblatum
801 1035 900 1115 esset,
926 1052 1027 1094 novas
1053 1030 1216 1095 lectiones

200 1138 293 1203 avide
326 1138 485 1222 quaesivi,
523 1139 577 1202 sed
611 1161 630 1202 a
664 1138 830 1203 Marciano
860 1136 906 1222 B1
939 1137 1063 1202 nullam
1100 1137 1217 1202 inveni
1277 1155 1278 1158 ’

200 1245 458 1330 discrepantiam,
480 1244 578 1309 iniis
600 1245 716 1310 saltem
740 1267 822 1329 quae
846 1248 956 1309 exacte
980 1244 1110 1328 contult,
1133 1266 1215 1308 narn

201 1373 316 1434 operae
336 1352 465 1416 omnino
486 1351 700 1416 absolvendae
715 1356 844 1436 tempus
863 1351 981 1435 defuit3
998 1349 1085 1415 haud
1100 1354 1214 1416 tamen

202 1457 301 1521 alium
327 1457 368 1521 ab
391 1458 464 1521 utili
486 1458 598 1522 forsan
621 1459 731 1523 labore
755 1458 915 1522 deterrere
939 1458 1050 1543 velim,
1073 1459 1138 1522 imo
1163 1457 1213 1522 iu-

200 1585 303 1648 genue
332 1563 449 1630 dicam:
477 1565 505 1629 si
533 1565 605 1649 quis
633 1565 856 1648 Diophantum
886 1564 1023 1648 amplius
1052 1564 1212 1629 adornare

200 1670 298 1754 cupit,
320 1670 573 1736 Ambrosianum
597 1673 632 1735 in
657 1672 771 1754 primis
795 1672 897 1754 adeat,
921 1669 1212 1755 Guelferbytanum

200 1775 315 1840 deinde
338 1777 501 1861 inspiciat.

270 1884 319 1950 10.
356 1884 404 1948 De
437 1886 604 1950 Marciano
630 1890 694 1951 308
722 1916 761 1937 =
788 1885 833 1969 B,
872 1885 945 1949 vide
980 1885 1081 1969 praef.
1113 1886 1212 1968 primi

201 1990 375 2055 voluminis
410 1989 459 2079 (p.
482 1988 526 2078 I).
581 1991 645 2056 Hic
677 1996 803 2056 tantum
838 1992 875 2056 de
912 1993 1069 2076 peculiari
1101 1997 1210 2057 textus

201 2097 430 2182 dispositione,
467 2121 562 2183 quam
599 2100 708 2183 plures
742 2099 829 2163 infra
865 2099 1052 2164 recensendi
1085 2099 1211 2164 codices

200 2205 388 2289 imitantur,
425 2205 622 2270 mentionem
654 2205 786 2271 faciam:
824 2204 1029 2289 Diophantea
1065 2206 1098 2270 in
1131 2206 1210 2271 duas

201 2312 381 2378 columnas.
401 2311 651 2397 distribuuntur,
687 2312 865 2395 Planudea,
899 2316 976 2396 post
1009 2313 1210 2397 unumquod-

202 2440 263 2502 que
295 2419 463 2502 problema
496 2415 567 2504 (aut
598 2420 756 2502 prooemii
788 2416 978 2503 sectionem)
1009 2418 1209 2498 intercalata,

174 2559 177 2566 ·
201 2527 306 2589 totum
329 2526 482 2609 paginam
507 2526 650 2610 implent.

269 2633 320 2696 11.
344 2631 619 2716 Guelferbytanum
639 2632 821 2698 Gudicncm
842 2637 862 2696 1
888 2653 971 2697 saec.
989 2629 1051 2695 XV
1075 2635 1209 2696 exeunte

202 2739 360 2821 scriptum
379 2760 419 2803 ex
437 2741 586 2824 catalogo
605 2744 733 2805 tantum
751 2761 890 2823 nossem,
911 2739 975 2803 nisi
994 2738 1092 2803 dubia
1116 2760 1210 2823 quae·

201 2844 273 2909 dam
303 2867 427 2909 summa
458 2868 530 2912 cnm
559 2847 785 2912 benevolentia
817 2867 874 2930 per
901 2844 1073 2929 epistolam
1097 2834 1210 2910 'sustu-

200 2952 292 3016 lisset
311 2974 338 3016 v.
359 2952 395 3017 cl.
415 2951 628 3036 Heinemann,
650 2953 866 3017 bibliothecae
885 2952 1100 3036 praepositus.
1135 2952 1208 3016 Dio-

201 3057 358 3142 phantum
387 3061 530 3125 continet
560 3060 658 3125 codex
687 3060 750 3124 iste
777 3081 850 3124 oum
879 3059 1112 3124 commentario
1140 3057 1210 3123 Pla·

201 3165 306 3229 nudeo
340 3163 425 3251 (sine
457 3167 588 3231 nomine
621 3164 778 3250 auctoris)
811 3170 844 3230 et
874 3166 1060 3250 fragmento
1090 3162 1210 3229 Calculi

200 3271 304 3339 Indici
337 3269 412 3359 (sub
440 3275 605 3337 lemmate:
633 3281 693 3337 τοῦ
715 3271 872 3355 Μαξίμου
900 3280 961 3335 τοῦ
984 3268 1209 3358 Πλανούδου).

201 3379 271 3446 Hoc
301 3381 419 3444 lemma
447 3378 613 3464 Xylander
641 3380 808 3443 invenerat
835 3379 870 3441 in
899 3378 1007 3443 codice
1039 3398 1102 3460 quo
1133 3399 1208 3442 usus

203 3492 253 3551 est
277 3489 317 3550 ab
342 3486 471 3550 Andrea
495 3485 652 3550 Dudithio
672 3484 875 3550 Sbardellato
902 3483 1122 3566 commodato,
1145 3505 1209 3565 nec,

203 3597 240 3656 ut
264 3592 411 3678 diximus,
437 3593 471 3656 in
495 3592 559 3657 alio
582 3593 648 3656 tale
671 3592 790 3656 lemma
813 3591 981 3675 reperitur,
1004 3590 1069 3653 nisi
1092 3590 1128 3654 in
1150 3589 1208 3656 Re-
