2578 3984
248 197 298 250 DE
317 197 528 253 DIOPHANTO
548 197 772 253 TESTIMONIA
791 198 974 254 VETERUM.
1077 198 1120 262 53

523 404 574 444 να,
617 381 707 445 άλλο.

147 519 239 604 Ἕχω
263 521 322 585 τὸν
346 519 419 604 ἑξῆς
440 519 497 586 καὶ
519 522 555 586 τὸ
579 530 640 586 τοῦ
662 524 777 607 τρίτου
800 523 922 604 τρίτον.
1001 519 1064 587 είσὶ
1080 525 1119 606 μ“ε

148 627 255 711 Κάγὼ
278 628 338 692 τὸν
362 627 435 712 ἑξῆς
457 625 512 693 καὶ
535 629 572 693 τὸ
596 639 657 694 τοῦ
680 629 814 713 πρώτου
837 631 959 714 τρίτον.
1039 633 1077 706 λζ
1089 625 1119 704 L'

145 734 251 818 Κάγὼ
277 732 355 800 δέκα
379 744 462 819 μνᾶς
485 732 539 800 καὶ
562 736 599 800 τὸ
623 744 683 801 τοῦ
707 733 811 819 μέσου
833 738 955 820 τρίτον.
1034 723 1075 818 κβ
1091 733 1120 810 λ’

1148 861 1163 901 5

189 1037 467 1122 Μητροδώρου
491 1037 763 1123 ἐπιγράμματα
787 1036 1038 1122 άριθμητικά.

564 1197 638 1282 <β>·
647 1194 671 1283 1)

153 1340 252 1404 Τίπτε
277 1363 317 1424 με
339 1349 407 1404 τῶν
429 1340 566 1426 καρύων
589 1339 702 1405 ἕνεκεν
725 1344 870 1426 πληγῇσι
893 1339 1026 1424 πιέζεις,

147 1441 174 1510 ὦ
199 1454 314 1532 μῆτερ;
339 1447 416 1512 τάδε
439 1447 546 1512 πάντα
569 1445 666 1512 καλαὶ
690 1448 945 1531 διεμοιρήσαντο

149 1551 331 1637 παρθένοι·
354 1549 374 1636 ἦ
398 1555 462 1640 γάρ
487 1553 576 1639 ἐμεῖο
600 1556 789 1619 Μελίσσιον
812 1553 939 1639 ἕβδομα
963 1554 1055 1638 δοιά,
1137 1574 1163 1613 10

149 1656 229 1743 ἡδὲ
252 1659 464 1725 δυωδέκατον
492 1660 614 1744 Τιτάνη
638 1661 753 1744 λάβεν·
777 1659 874 1726 ἕκτον
898 1663 1033 1746 ἔχουσιν

146 1764 205 1831 καὶ
227 1769 341 1852 τρίτον
361 1764 521 1851 Ἀστυόχη
545 1769 808 1851 φιλοπαίγμονος
830 1763 890 1850 ἠδὲ
917 1770 1072 1832 Φίλιννα·

148 1879 253 1939 είκοσι
278 1869 308 1937 δ’
327 1872 498 1958 ἁρπάξασα
523 1872 618 1950 Θέτις
641 1873 732 1957 λάβε,
757 1875 886 1939 δώδεκα
911 1876 1031 1957 Θίσβη·

146 1980 191 2063 ἣν
214 1980 276 2065 ὅρα
299 1977 354 2044 καὶ
379 1977 408 2045 δ’
428 1979 524 2063 ἐγέλα
548 1981 681 2064 Γλαύκη
705 1979 895 2066 παλάμησιν
920 1983 1042 2066 ἔχουσα

148 2085 281 2151 ένδεκα·
304 2095 402 2152 τοῦτο
426 2085 467 2152 δέ
488 2111 544 2171 μοι
567 2087 702 2171 καρύων
724 2089 946 2172 περιλείπεται
970 2078 1052 2152 οἷον.
1135 2107 1161 2147 15

171 2212 352 2294 Σχόλιον.
398 2212 524 2296 Εὑρεῖν
547 2211 695 2297 ἀριθμὸν
719 2211 756 2289 ὃς
779 2215 895 2290 λείψας
919 2207 1119 2295 ζ’ζίβ’ς’γ’

100 2317 168 2396 ἕξει
205 2319 322 2394 λοιπάς
354 2317 502 2400 μονάδας
532 2304 592 2402 ᾖδ’
625 2320 704 2384 τάδε
738 2326 875 2385 τοιαῦτα
907 2320 1122 2404 προβλήματα

101 2430 200 2490 καλεῖ
221 2423 258 2489 έν
275 2436 345 2501 τοῖς
359 2423 566 2509 Δεδομένοις
585 2424 603 2490 ὁ
621 2426 806 2510 Εὐκλείδης
826 2423 964 2491 δοθέντι
987 2425 1121 2512 ἀριθμῷ

99 2531 121 2616 ἦ
151 2531 188 2598 ἐν
217 2534 318 2620 λόγῳ·
351 2533 442 2596 ἔστιν
471 2527 508 2596 δὲ
536 2531 654 2616 ὅμοιον
681 2542 781 2598 τοῦτο
808 2534 846 2598 τὸ
874 2534 1050 2616 πρόβλημα
1073 2539 1118 2618 τῷ

99 2640 166 2725 πρὸ
191 2637 295 2703 αὐτοῦ
318 2635 373 2702 καὶ
397 2636 519 2721 ὁμοίως
542 2639 656 2703 λύεται
679 2639 735 2704 διά
757 2649 825 2704 τῶν
844 2638 955 2703 αὐτῶν
975 2637 1117 2722 ἐφόδων.
1133 2662 1161 2700 νο

100 2745 289 2827 εὑρίσκεται
313 2739 375 2809 οὖν
395 2744 564 2828 ἐλάχιστος
588 2744 731 2830 ἀριθμὸς
755 2747 839 2829 ἔχων
858 2746 898 2810 τά
920 2747 1121 2829 προκείμενα

102 2851 186 2937 μέρη
207 2851 225 2917 δ
243 2837 300 2933 πδ,
320 2850 353 2930 ἐξ
373 2845 414 2915 οὗ
433 2850 688 2934 ἀφαιρεθέντων
708 2849 773 2931 ζ’ζ’
786 2848 935 2936 ιβ’ς’γ’,
955 2853 1053 2916 λοιπά
1072 2855 1120 2916 id·

174 3083 201 3149 1)
220 3079 271 3148 Ep.
282 3079 355 3146 XIV,
371 3084 431 3133 116.
465 3078 590 3133 Primum
608 3079 755 3148 problema
773 3079 981 3136 Metrodoreum
996 3081 1078 3151 (XIV,
1091 3087 1121 3134 2:

99 3150 166 3234 οἰδα
181 3167 272 3278 ,ευριπ
290 3169 317 3220 p.
333 3156 377 3232 44,
395 3152 453 3204 not.
470 3153 495 3220 1)
516 3150 547 3232 1η
566 3150 624 3206 alia
643 3151 809 3208 colleessiono
827 3152 972 3208 inventum
987 3153 1064 3207 haud
1077 3169 1121 3207 re-

97 3225 204 3292 petunt
243 3224 422 3277 onstantmus
442 3221 589 3291 Cephalas.

171 3440 188 3488 2
208 3433 274 3506 είσλ]
293 3438 324 3501 λζ
341 3434 363 3488 Ρ
382 3437 483 3505 (errore
503 3451 537 3489 ex
556 3435 721 3506 compendio
741 3439 838 3507 orto?).
901 3443 933 3491 11
954 3435 1073 3507 ἔχουσαν
1088 3437 1118 3492 Ρ.

172 3512 207 3560 14
225 3506 243 3576 ἡ
263 3504 302 3575 δ’,
322 3505 388 3576 ὅρα,
410 3505 466 3576 ἡδύ
484 3510 552 3582 γελᾷ
571 3507 614 3562 εδ.
690 3513 723 3562 15
742 3507 849 3578 κάρυον
870 3507 913 3563 οδ.
933 3509 1046 3564 θοελια.

1 3639 2 3646 ¹
98 3582 133 3634 16
153 3578 292 3650 ἀριθμὸν]
311 3578 361 3633 καί
379 3578 409 3633 Ρ.
