2578 3984
223 212 264 276 76
363 212 412 266 DE
431 211 643 267 DIOPHAN'I'O
663 208 888 265 TESTIMONIA
905 209 1090 265 VETERUM.

222 376 276 439 δεῖ
297 370 334 440 δὲ
356 383 527 458 πανταχοῦ
549 379 770 458 προηγεῖσθαι
791 382 853 437 τοῦ
876 373 1027 457 σώματος
1045 373 1082 438 τὸ
1102 372 1241 458 ἀσώμα-

220 501 295 545 τον·
328 481 379 545 ότι
412 479 449 546 δὲ
481 480 654 564 ἀσώματος
681 480 698 545 6
727 479 870 565 ἀριθμὸς
903 481 1023 564 δῆλον·
1055 479 1174 565 ἐπειδὴ
1205 483 1241 546 ἓν

220 586 363 671 μέγεθος
382 587 400 653 ὅ
420 586 490 653 έστι
513 598 617 672 σῶμα,
640 588 678 652 τὸ
702 587 783 653 αὐτὸ
807 587 1016 671 τετράγωνον
1036 585 1091 653 καί
1114 590 1240 665 κύκλος

221 689 307 759 εἶναι
339 693 380 759 οὐ
413 695 565 759 δύναται·
599 694 617 760 6
646 691 683 759 δὲ
711 693 869 779 ἀριθμός,
903 694 953 759 ότι
986 694 1163 779 ἀσώματος
1192 696 1238 760 ὢν

194 802 374 867 εδύναται·
398 798 453 865 καί
476 802 539 885 γάρ
563 800 581 866 6
603 806 642 866 ια
665 800 807 884 ἀριθμὸς
829 798 885 866 καὶ
907 801 1116 885 τετράγωνός
1134 801 1236 883 ἐστιν,

214 909 272 974 ότι
295 907 358 973 ἀπὸ
387 916 448 973 τοῦ
469 917 487 972 ε
509 906 881 983 πολλαπλασιασθέντος
908 901 960 993 ἐφ’
978 907 1099 973 ἑαυτὸν
1123 908 1235 973 ἀπετε-
1280 953 1281 956 ¹

219 1012 342 1098 λε’σθη,
369 1016 490 1091 κύκλος
518 1012 570 1096 δέ,
600 1015 650 1079 ὅτι
678 1014 741 1079 ἀπὸ
769 1022 830 1079 τοῦ
857 1014 962 1078 αὐτοῦ
988 1023 1050 1078 τοῦ
1072 1023 1091 1079 Ξ
1113 1014 1233 1099 ἤρξατο
1280 1061 1281 1072 ι

219 1119 274 1186 καὶ
298 1123 345 1198 είς
367 1123 404 1186 τὸ
429 1121 511 1185 αὐτὸ
535 1119 662 1204 ἔληξεν·
690 1121 773 1185 ὥστε
797 1119 969 1203 ἀσώματος
988 1119 1006 1185 6
1025 1118 1185 1204 ἀριθμός,
1208 1127 1238 1186 εί

218 1252 255 1311 γε
280 1228 298 1293 6
323 1228 422 1305 αὐτὸς
444 1225 498 1293 καί
521 1228 642 1305 κύκλος
665 1231 793 1310 γίνεται
814 1225 871 1292 καὶ
894 1227 1109 1310 τετράγωνος.

179 1361 205 1401 10
290 1334 359 1417 T6v
377 1330 438 1418 μὲν
458 1328 520 1399 οὖν
542 1331 765 1417 ἀριθμητικὴν
788 1331 954 1418 προτέραν
979 1334 1032 1398 δεῖ
1053 1334 1110 1399 διὰ
1131 1343 1234 1400 ταῦτα

218 1440 387 1525 τετάχθαι,
410 1441 471 1524 την
490 1436 527 1504 δὲ
545 1439 711 1524 μουσικὴν
729 1447 951 1525 προηγεῖσθαι
970 1441 1025 1504 δεῖ
1039 1449 1098 1525 τῆς
1117 1441 1233 1528 ἀστρο-

219 1550 348 1631 νομίας·
382 1547 433 1613 ὅτι
467 1548 677 1631 δειχθήσεται
708 1554 754 1633 τῷ
777 1549 924 1634 Μεγάλῳ
950 1543 1163 1638 Ἀστρονόμφ
1196 1551 1234 1614 ιδ

219 1655 324 1739 ἀστρα
343 1651 636 1736 ἀποκαθιστάμενα
658 1655 827 1739 περιόδοις
847 1651 915 1719 τισί
933 1657 1065 1738 χρόνον
1083 1655 1234 1741 τεταγμέ-

218 1784 293 1836 ναις
315 1761 395 1844 μετά
419 1760 554 1845 ῥυθμοῦ
576 1783 668 1836 τινος
690 1757 745 1825 καί
768 1760 937 1844 ἁρμονίας.

179 1894 203 1936 15
278 1865 404 1943 ’Ἁλλως
430 1889 465 1930 τε
489 1868 520 1930 εί
542 1866 560 1932 6
584 1867 719 1950 ἄσχετος
747 1866 906 1952 ἀριθμός,
935 1866 1068 1934 όέστιν
1090 1867 1112 1950 6
1137 1867 1233 1954 ἀριθ-

217 1973 352 2057 μητική,
379 1981 572 2055 προηγεῖται
599 1983 660 2039 τοῦ
688 1970 829 2057 ἀσχέτου
857 1972 1036 2057 μεγέθους,
1070 1966 1146 2040 οἷον
1178 1984 1233 2058 τῆς

216 2080 426 2162 γεωμετρίας,
446 2079 550 2162 δῆλον
569 2079 620 2144 ὅτι
637 2077 693 2144 καὶ
712 2079 730 2145 6
750 2079 787 2145 έν
806 2080 915 2163 σχέσει
933 2079 1090 2165 ἀριθμός,
1109 2081 1232 2147 ὅέστιν

216 2185 236 2268 6
261 2187 418 2269 μουσική,
446 2181 613 2271 προηγεῖτ’
640 2184 683 2250 ἀν
710 2196 772 2252 τοῦ
799 2185 835 2252 έν
864 2185 974 2271 σχέσει
1000 2186 1182 2273 μεγέθους,
1213 2190 1230 2253 ὅ

217 2292 287 2357 έστι
308 2299 366 2375 τῆς
389 2292 609 2378 ἀστρονομίας
632 2293 714 2377 αὕτη
739 2293 759 2377 6
783 2294 880 2374 τάξις.

176 2428 203 2467 ιο
283 2402 351 2463 Δεῖ
376 2395 413 2463 δὲ
441 2401 478 2464 τὸ
510 2401 642 2484 βιβλίον
670 2409 769 2465 τοῦτο
797 2412 1055 2484 προαναγνῶναι
1083 2402 1139 2468 ἀτε
1168 2406 1231 2469 εἰσ-

216 2507 383 2589 αγωγικὸν
401 2506 452 2590 ὄν,
475 2510 649 2590 πεποίηται
671 2507 735 2591 γδρ
758 2516 804 2594 τῷ
819 2507 1001 2594 Νικομάχῳ
1021 2507 1115 2593 ἑτέρα
1134 2509 1229 2594 ἀριθ-

216 2615 346 2695 μητική,
369 2611 412 2696 ἣν
435 2613 598 2697 Μεγάλην
617 2609 858 2698 Ἀριθμητικην
880 2617 955 2698 ἤτοι
975 2617 1227 2700 Θεολογούμενα

215 2719 406 2804 ἐπιγράφει,
435 2719 472 2785 έν
497 2711 519 2806 6
546 2717 709 2805 μέμνηται
735 2721 857 2786 τούτου
884 2731 945 2787 τοῦ
972 2725 1119 2805 βιβλίου·
1148 2723 1228 2790 ὅθεν

214 2823 270 2914 καὶ
292 2827 329 2891 τὸ
352 2829 495 2910 γνήσιον
517 2835 557 2911 τῇ
581 2825 671 2905 τάξει
694 2825 1000 2893 συναποδέδεικται.

176 2959 201 3000 οε
282 2930 451 3018 Διῄρηται
474 2930 511 2998 δὲ
538 2935 576 2998 τὸ
603 2933 713 3018 παρὸν
741 2935 940 3018 σύγγραμμα
968 2936 1016 3012 είς
1047 2920 1071 3018 6
1102 2938 1226 3019 βιβλία·

215 3035 271 3103 καὶ
303 3038 340 3104 έν
368 3036 429 3123 μὲν
456 3042 502 3127 τῷ
537 3052 578 3104 αθ
614 3041 675 3124 τὴν
704 3041 869 3125 διαίρεσιν
896 3053 964 3106 τῶν
992 3041 1146 3127 ἀριθμῶν
1173 3042 1225 3108 καί

216 3145 277 3228 τὴν
305 3145 426 3210 οὐσίαν
448 3146 560 3212 αὐτῶν
582 3146 637 3211 καὶ
667 3147 725 3224 τάς
753 3145 895 3231 σχέσεις,
924 3147 960 3212 έν
984 3144 1022 3213 δὲ
1048 3150 1094 3235 τῷ
1122 3153 1161 3233 βά
1186 3151 1225 3212 τά

216 3254 364 3336 σχήματα
391 3250 447 3317 καὶ
475 3254 534 3330 τάς
566 3253 745 3337 ἀναλογίας
777 3255 1021 3337 παραδίδωσιν·
1053 3255 1157 3331 εὐθὺς
1186 3252 1222 3319 δὲ

215 3367 273 3443 τῆς
295 3362 519 3445 πραγματείας
542 3358 724 3445 ἀρχόμενος
743 3360 761 3426 6
780 3363 972 3445 Νικόμαχος
996 3361 1164 3426 δείκνυσιν
1180 3361 1224 3437 ἀς

175 3493 201 3534 το
216 3468 297 3532 ἀνευ
315 3475 373 3552 τῆς
391 3473 622 3552 μαθηματικῆς
641 3466 820 3551 ἐπιστήμης
842 3466 904 3532 οὐκ
929 3469 998 3532 ἔστι
1016 3472 1222 3552 φιλοσοφεῖν,

216 3571 294 3640 οὐδὲ
318 3575 550 3659 εὐδαιμονεῖν,
576 3570 632 3637 καὶ
655 3575 930 3658 συλλογιζόμενος
954 3567 1042 3657 οἷον,
1067 3578 1161 3659 φησί·
1184 3578 1221 3642 τὸ
