2578 3984
181 201 224 266 92
423 200 674 256 PACHYMERAE
693 200 951 258 PARAPHRASIS.

180 387 241 430 του
265 364 422 448 λαμβάνω
445 366 504 430 τὸν
527 362 1004 449 ὑποτετραπλασιεπιτέταρτον
1021 366 1082 430 τὸν
1103 350 1198 430 θααὶ
1279 389 1280 410 ³

180 475 300 556 τίθημι
318 469 446 536 ἐλάσσω
466 472 559 555 ὅρον,
581 473 641 536 τὸν
661 467 698 536 δὲ
721 472 841 536 λοιπὸν
863 471 924 536 τὸνΙ
943 474 978 554 ff
996 475 1095 555 μείζω
1116 472 1198 555 ὅρον
1278 477 1281 542 ί

181 588 282 660 ποιῶ,
310 576 514 660 καὶγίνεται
537 578 574 644 τὸ
598 575 789 662 ἐπιταχθέν·
818 576 836 642 6
860 579 922 662 μάμ
946 581 981 662 ἦ)
1003 588 1064 643 τοῦ
1089 581 1111 642 θ
1133 602 1199 663 τρι·
1279 643 1281 698 4

180 682 498 769 πλασιεπιτέταμτος.
543 681 598 749 καὶ
626 681 677 749 ἀεὶ
706 685 823 761 οὕτως·
852 683 917 749 αἰεὶ
944 685 1008 771 μὰρ
1030 686 1116 751 κατὰ
1138 686 1198 751 τὸν
1280 741 1281 758 ,

155 789 255 876 εὲξῆς
274 793 601 874 πολλαπλασιασμόν,
620 799 681 856 τοῦ
701 790 874 878 ε’πιμορίου
893 790 1053 876 μένοντος
1072 792 1199 870 ἐντοῖς

181 899 356 979 τοιούτοις,
379 900 417 964 τὸ
440 901 616 982 πρόβλημα
639 901 760 964 λύεται.

249 1009 298 1088 λβ.
342 1006 387 1069 Et
418 1000 449 1070 6’
471 999 572 1082 αὖθις
603 1007 685 1070 κατὰ
716 1010 1061 1090 πολλαπλασιεπιμεμῆ
1094 1007 1198 1090 λόγον

182 1113 325 1199 διαιρεῖν
348 1113 408 1177 τὸν
431 1111 578 1197 ἀριθμὸν
602 1111 858 1195 ἐπιταττόμεθα,
880 1110 937 1177 καὶ
959 1121 1092 1196 πρῶτον
1115 1115 1199 1177 κατά

181 1221 241 1284 τὸν
261 1220 610 1302 διπλασιεπιθίτμιτον,
631 1218 844 1303 λαμβάνομεν
862 1220 922 1282 τὸν
939 1227 1000 1283 τοῦ
1019 1219 1101 1283 ὅλον
1115 1218 1199 1284 ύιιο-

144 1351 170 1390 10
184 1326 558 1411 τριπλασιεπιθίτμιτον,
588 1321 643 1388 καὶ
676 1324 763 1389 οὕτω
795 1325 908 1389 λύεται
940 1326 977 1390 τὸ
1010 1327 1199 1411 πρόβλημα.

183 1435 265 1498 ἔστω
285 1434 348 1516 γάρ
373 1432 390 1497 6
413 1416 457 1514 λβ
479 1421 519 1496 δύ
543 1433 686 1515 διαιρεῖν
710 1431 815 1519 ἐντῷ
844 1433 985 1520 τοιούτῳ
1012 1435 1100 1521 λόγῳ
1130 1433 1200 1498 ἐντι-

182 1542 381 1623 ταττόμεθα·
409 1536 467 1604 καὶ
494 1540 707 1624 λαμβάνομεν
734 1539 794 1604 τὸν
816 1539 938 1604 τούτου
961 1538 1200 1622 ὑποτμιιτλασι-

183 1647 432 1745 επκθι>τριτωι
459 1646 519 1710 τὸν
547 1632 575 1710 θ
606 1644 662 1710 καὶ
693 1654 856 1730 ποιοῦμεν
889 1645 1032 1728 ἐλάσσω,
1066 1647 1127 1712 τὸν
1161 1643 1200 1712 66
1282 1653 1283 1658 ’

183 1753 303 1818 λοιπὸν
316 1753 376 1816 τὸν
394 1753 436 1816 κθ
455 1754 552 1835 μείζω
568 1762 740 1837 ποιοῦμεν,
758 1750 813 1816 καὶ
828 1753 941 1817 λύεται
954 1754 992 1818 τὸ
1005 1754 1199 1838 πρόβλημα·

145 1859 202 1924 156
225 1861 289 1942 γάρ
313 1844 355 1923 αθ
376 1868 437 1924 τοῦ
459 1843 486 1925 θ
510 1861 854 1939 διπλασιεπιθίτριτος.

251 1967 295 2030 Ec
321 1961 358 2030 δὲ
386 1965 422 2031 ἐν
450 1969 538 2053 λόγῳ
566 1967 912 2054 τριπλασιεπιθιτρίτῳ
944 1965 1199 2051 ἐπιταττοίμεθα

183 2074 326 2157 διαιρεῖν
357 2074 418 2138 τὸν
450 2072 597 2138 δοθέντα
630 2072 794 2160 ἀριθμόν,
829 2072 1043 2157 λαμβάνομεν
1075 2073 1199 2139 τούτου

181 2181 242 2244 τὸν
278 2178 749 2263 ὑποτετμαπλασιεπιδίτμιτον
780 2177 836 2244 καὶ
871 2185 1019 2264 τιθῶμεν
1055 2179 1198 2266 ἐλάσσω,

182 2286 241 2350 τὸν
261 2281 298 2350 δέ
316 2287 435 2351 λοιπὸν
453 2289 561 2370 μείζω,
584 2284 639 2351 καλ
662 2295 825 2370 ποιοῦμεν
843 2286 880 2350 τὸ
904 2289 1088 2371 πρόβλημα.
1122 2279 1199 2353 οἷον

143 2417 169 2456 εο
184 2395 267 2459 ἔστω
294 2392 312 2458 6
341 2392 484 2479 άμιθμὸς
517 2394 557 2459 ὃν
590 2395 830 2478 ἐπιταττόμεθα
862 2395 1006 2478 διαιρεῖν
1039 2393 1076 2458 ἐν
1108 2397 1198 2482 λόγῳ

182 2501 528 2589 τριπλασιεπιὸιτμίτῳ
548 2501 566 2567 6
583 2487 645 2586 μ-β
664 2502 787 2567 τούτου
806 2501 1019 2585 λαμβάνομεν
1037 2503 1097 2567 τὸν
1115 2501 1199 2566 ύττο-

182 2609 585 2692 τετμαπλασιεπιθίτμιτον
616 2608 676 2673 τὸν
705 2593 734 2674 θ
763 2606 819 2673 καὶ
850 2611 988 2692 τίθεμεν
1020 2607 1198 2692 ἐλάσσονα,

182 2717 242 2780 τὸν
266 2711 303 2780 δέ
327 2717 446 2781 λοιπὸν
467 2701 512 2797 λμ
533 2717 641 2799 μείζω,
664 2712 869 2799 καὶγίνεται
892 2716 929 2780 τὸ
953 2714 1140 2800 ἐπιταχθέν.

249 2819 315 2887 Καὶ
349 2822 454 2899 οὕτως
490 2819 607 2907 ἐφεξῆς
639 2823 721 2886 κατὰ
757 2824 794 2887 τὸ
831 2817 968 2904 συνεχὲς
1004 2816 1094 2897 εἶδος
1130 2832 1198 2886 τῶν

143 2948 169 2989 ω
182 2931 457 3011 πολλαπλασίων,
484 2937 552 2992 τῶν
579 2939 691 3015 μερῶν
717 2939 785 2993 τῶν
813 2929 924 2992 αὐτῶν
951 2928 1135 3011 μενόντων·
1168 2930 1200 2993 εί

184 3032 223 3099 δέ
243 3057 281 3116 με
308 3044 377 3098 τῶν
399 3037 724 3119 πολλαπλασιασμῶν
753 3032 904 3100 ἑστώτων
932 3033 1197 3099 ἐπαλλάτσονται

182 3141 222 3205 τά
245 3136 345 3225 μέμν,
374 3140 502 3222 θίτριτα
525 3138 580 3206 καὶ
602 3138 793 3225 τριτέταμτα
816 3139 870 3206 καὶ
893 3140 1120 3224 τετοάπεμπτα
1143 3139 1198 3205 καὶ

182 3245 362 3312 πεντάειιτα
393 3243 449 3312 καλ
482 3244 568 3331 ἑξῆς,
601 3245 707 3323 οὕτως
738 3247 876 3312 λύονται
903 3247 943 3311 τά
970 3249 1197 3330 προβλήματα.

183 3353 295 3437 ἐπειδὴ
324 3355 387 3438 γάρ
411 3352 430 3418 6
454 3354 790 3438 θιπλασιεπιὸίτμιτος
817 3351 852 3418 ἐκ
878 3361 939 3418 τοῦ
962 3352 1198 3437 ύποτμιπλασι-

255 3587 288 3636 18
306 3585 432 3651 τιθῶμεν
451 3581 491 3635 sic
510 3580 585 3648 cod.;
609 3579 740 3635 similiter
762 3580 905 3634 interdum
927 3583 999 3635 τιθῶ
1018 3598 1069 3652 pro
1088 3583 1198 3652 τίθημι.
