2570 3988
182 189 225 252 42
327 187 375 241 DE
394 186 607 242 DIOPHANPO
626 185 848 241 TESTIMONIA
865 183 1050 241 VETERUM.

183 350 298 434 ἀκοην
323 354 423 435 λῆρος
446 351 510 435 γάρ
533 351 575 434 νὴ
599 350 660 433 τὴν
680 347 771 433 ἱεράν
790 364 852 412 σου
875 348 985 433 ψυχὴν
1002 349 1040 412 τὸ
1064 347 1197 414 ἐκείνου

181 454 257 538 περὶ
280 451 328 522 ὧν
351 459 520 542 προείλετο
544 455 828 541 συγγραμμάτιον·
859 452 914 518 καὶ
936 455 973 520 τὸ
997 459 1197 539 Πυθαγορι-

179 564 242 627 κὸν
267 558 303 627 δὲ
330 561 559 650 πλινθίὸιονῑ)
586 566 664 646 περί
684 585 719 627 τε
748 560 963 645 συμβιώσεων
986 558 1041 625 καὶ
1065 559 1195 626 ἀπολω-

183 672 289 735 λότων
308 667 363 734 καὶ
384 669 648 756 ηρρωστηκότων
670 666 724 734 καὶ
748 666 1012 751 ἀποδημούντων
1036 667 1076 732 οὐ
1100 670 1195 733 κενό-

154 777 333 849 5σπουὸον
353 779 469 862 μόνον,
494 776 576 841 ἀλλὰ
595 773 650 840 καὶ
669 771 874 858 ἐψευσμένον
890 774 1112 857 παντάπασιν,
1131 773 1196 840 κάν

182 883 217 947 οί
236 881 354 948 πολλοὶ
377 881 555 969 περιέπωσι
579 891 682 948 ταῦτα
701 879 756 946 καὶ
776 882 897 946 δοκῶσι
915 880 1014 964 τιμὴν
1034 880 1195 946 ἐντεῦθεν

181 992 375 1073 κομίζεσθαι
402 999 446 1077 τῷ
475 994 586 1077 πολλῷ
613 1001 680 1054 τῶν
709 987 881 1073 ἀκροατῶν
910 995 1074 1076 συρφετῷ.
1120 986 1195 1071 ἐμοὶ

182 1091 317 1161 οὖνκαὶ
339 1099 379 1161 τά
401 1097 483 1161 κατά
501 1094 621 1181 τέχνην
640 1093 829 1180 ἐμμέθοάον
849 1096 1051 1178 διαλυόμενα
1070 1093 1196 1160 ἀσπού-

182 1204 285 1267 δαστα
308 1202 469 1286 ἡγοῦνται
496 1200 552 1267 καὶ
574 1205 722 1285 παίγνια,
749 1203 866 1284 μόνοις
894 1196 931 1265 δὲ
958 1198 1108 1285 προσέχω
1134 1201 1196 1265 τὸν

143 1343 168 1381 ιο
181 1319 266 1375 νοῦν
288 1321 358 1386 τοῖς
380 1309 620 1393 άναβιβάζουσί
640 1332 678 1394 με
702 1309 784 1393 πρὸς
811 1311 960 1390 θεωρίαν
982 1319 1050 1372 τῶν
1073 1309 1196 1392 ὄντων,

181 1414 236 1480 καὶ
264 1417 318 1481 ἵνα
347 1432 400 1481 σοι
433 1417 469 1480 τὸ
504 1416 583 1500 ἐμὸν
597 1409 719 1492 Ιπάθος
751 1414 968 1496 ἀνακαλύψω,
1000 1412 1056 1479 καὶ
1089 1415 1196 1498 αὐτὴν

181 1523 241 1605 τὴν
259 1523 439 1608 ῥητορικὴν
456 1520 576 1606 τέχνην
595 1519 649 1587 καὶ
667 1523 728 1606 τὴν
746 1522 887 1606 νομικὴν
906 1520 1090 1606 ἐπιστήμην
1108 1523 1195 1587 ἀνω-

180 1635 244 1693 θεν
266 1625 455 1714 προῄρημαι
478 1635 633 1713 θεωρεῖν,
657 1624 728 1693 ἀλλ’
747 1629 787 1692 οὐ
810 1629 988 1712 θιγγάνειν
1012 1628 1132 1694 αὐτῶν.

252 1823 279 1890 1)
296 1819 369 1874 Vide
387 1837 460 1889 quae
479 1819 555 1875 edidi
570 1821 621 1874 sub
635 1820 720 1874 titulo
734 1820 920 1890 „Frayments
933 1821 1195 1877 ἀόκοικαιοικοαοιέ

180 1892 397 2017 ριγΧθριΙαιὲιἠῙιρρέ5
404 1891 435 1944 in
449 1890 627 1946 collectione:
644 1891 760 1946 Nobices
775 1893 805 1946 et
819 1891 935 1946 extraits
950 1891 998 1948 des
1012 1892 1193 1961 Manuscrits‚

301 2006 308 2032 ‚
400 2007 405 2017 .

251 2144 268 2192 4
286 2137 476 2210 ἀποδημάτων
495 2139 521 2195 S.
597 2146 613 2193 5
631 2138 795 2196 παντάπασι
813 2141 843 2197 L.
