2578 3984
164 182 229 248 104
402 183 653 239 PACHYMERAE
672 183 933 240 PARAPHRJASIS.

161 344 217 410 καὶ
240 348 330 412 ἑστιν
354 345 372 412 6
395 349 505 433 τρίτος
531 348 781 431 τετραπλάσιος,
813 348 849 424 ὅς
877 347 1008 413 ἐστινὸ
1034 333 1072 433 ᾧ
1098 351 1182 435 πρὸς

161 454 221 518 τὸν
240 455 271 536 χ,
290 451 346 518 καὶ
360 453 464 531 εὐθὺς
478 454 498 537 ἡ
513 454 657 538 ὑπεροχὴ
677 466 744 519 τῶν
757 441 784 519 θ
797 455 956 539 μονάδων
974 456 1180 540 ἐμφαίνεται.

226 557 299 625 Ἐπὶ
323 557 360 626 δὲ
382 564 645 644 πενταπλασίων,
670 559 739 626 ἐπεὶ
762 561 826 626 ἀπὸ
847 570 908 626 τοῦ
928 547 953 625 δ
975 564 1182 645 κατὰλόγον

161 667 401 750 τετραπλάσιον
428 669 466 733 αί
488 665 647 753 ὑπεροχαὶ
674 670 933 753 προκόπτουσιν,
961 671 1004 752 ἥν
1032 692 1084 747 τις
1113 669 1182 736 ἐπι-

133 772 253 851 ιτάξοι
276 773 387 859 εὑρεῖν
410 775 472 838 δύο
496 775 662 861 άριθμοὺς
686 774 722 839 ἐν
748 778 836 864 λόγφ
863 780 1097 865 πενταπλασίφ
1125 775 1182 843 καὶ

161 878 198 944 ἐν
222 879 367 966 ὑπεροχῇ
389 888 435 968 τῷ
458 881 493 964 ιἰ,
524 883 606 946 κατὰ
629 882 666 946 τὸ
689 882 997 967 ὑποτετραπλάσιον
1025 894 1094 948 τῶν
1122 909 1181 968 μο-

159 986 274 1051 νάδων
296 996 353 1071 τῆς
375 987 540 1073 ὑπεροχῆς
564 991 782 1072 ζητηθήσεται
805 987 823 1053 6
847 989 1101 1075 πενταπλάσιος,
1125 990 1182 1056 καὶ

161 1091 267 1168 εὐθὺς
291 1093 485 1177 ἐμφαίνεται
507 1092 563 1159 καί
581 1094 601 1177 ἡ
621 1093 836 1179 ἑπιταχθείσα
853 1094 999 1181 ὑπεροχὴ
1018 1106 1080 1162 τοῦ
1099 1120 1182 1184 προ-

160 1201 263 1282 λόχου
286 1201 369 1285 πρὸς
390 1202 450 1265 τὸν
472 1201 652 1283 ὑπόλογον.

118 1329 145 1368 10
226 1309 271 1371 Εί
294 1303 331 1372 δὲ
354 1303 406 1372 ἐπὶ
430 1305 648 1390 ἑξαπλασίων,
672 1307 710 1371 αί
731 1304 792 1391 μὲν
815 1306 975 1394 ὑπεροχαὶ
998 1309 1062 1375 άπὸ
1082 1318 1183 1376 τοῦέ

158 1414 241 1479 κατὰ
273 1415 518 1478 πενταπλάσιον
551 1415 815 1496 προκόπτουσιν·
847 1424 879 1498 ἓ,
897 1417 926 1499 ῖ,
945 1419 990 1498 ιἐ,
1010 1424 1045 1500 οἳ,
1065 1420 1117 1483 τῖε·
1151 1421 1185 1483 εί

157 1529 243 1604 χοῦν
267 1543 315 1596 τις
338 1519 483 1598 ἐπιτάξοι
506 1521 619 1606 εὑρεῖν
643 1521 706 1585 δύο
730 1519 896 1606 άριθμοὺς
924 1520 961 1588 ἐν
989 1525 1078 1611 λόγῳ
1109 1523 1181 1604 ἑξα-

157 1629 286 1714 πλασίφ
310 1627 393 1691 κατὰ
415 1627 583 1712 ὑπεροχὴν
605 1636 667 1693 τοῦ
689 1629 725 1710 ιἰ,
757 1629 811 1692 δεῖ
830 1630 909 1693 κατὸ
932 1630 969 1693 τὸ
993 1630 1182 1697 ὑποπεντα-

158 1734 301 1798 πλάσιον
324 1743 392 1798 τῶν
415 1735 572 1819 μονάδων
597 1737 704 1818 ζητεῖν
727 1735 786 1798 τὸν
810 1732 1008 1812 ἑξαπλάσιον
1032 1737 1069 1814 ὅς
1088 1737 1181 1804 ἐστιν

118 1839 176 1904 156
201 1842 258 1924 δοῖ,
282 1841 326 1917 ὡς
350 1839 368 1904 6
390 1827 434 1905 αδ
456 1842 539 1926 πρὸς
560 1842 621 1906 τὸν
645 1826 676 1924 δ,
701 1838 757 1906 καὶ
779 1841 884 1918 εὐθὺς
904 1841 1100 1926 ἐμφαίνεται
1123 1843 1181 1911 καὶ

157 1945 178 2028 ἡ
201 1956 268 2011 τῶν
291 1948 311 2009 ἷι
334 1948 492 2030 μονάδων
515 1948 670 2032 ὑπεροχή.

222 2048 294 2117 Ἐπὶ
318 2049 356 2118 δὲ
375 2052 617 2138 ἑπταπλασίων,
640 2055 660 2139 ἡ
684 2051 745 2139 μὲν
763 2054 909 2141 ὑπεροχὴ
929 2059 1179 2125 τῶντοιούτων

158 2157 221 2223 άπὸ
246 2157 361 2238 ἑξάδος
379 2162 461 2225 κατὰ
480 2159 692 2238 ἑξαπλάσιον·
716 2164 747 2246 ξ,
762 2146 810 2246 ι-β,
830 2164 876 2247 ἡ,
895 2149 950 2228 οἶδ·
974 2166 1005 2228 εί
1022 2173 1108 2247 γοῦν
1130 2191 1180 2242 τις

160 2264 305 2343 ἐπιτάξαι
337 2266 448 2352 εὑρεῖν
482 2269 543 2334 δύο
577 2268 743 2354 ἀριθμοὺς
776 2269 812 2334 ἐν
845 2267 1055 2359 ἑπταπλασίῳ
1089 2274 1177 2360 λόχφ

116 2395 143 2434 εο
157 2370 234 2436 καθ’
267 2372 435 2460 ὑπεροχὴν
462 2376 620 2459 μονάδων
648 2379 698 2460 ιἠ,
731 2376 814 2440 κατὰ
843 2376 880 2440 τὸ
909 2376 1177 2455 ὑποεξαπλάσιον

156 2490 224 2544 τῶν
242 2480 400 2563 μονάδων
419 2489 476 2565 τῆς
494 2482 657 2567 ὑπεροχῆς
677 2482 856 2565 ὀφείλομεν
878 2485 984 2565 ζητεῖν
1002 2485 1062 2548 τὸν
1081 2483 1178 2549 ἑπτα-

156 2585 298 2651 πλάσιον
317 2585 371 2652 καὶ
390 2589 450 2652 τὸν
468 2592 582 2674 τρίτον
600 2592 776 2672 ληψόμεθα
796 2586 1031 2672 ἑπταπλάσιον,
1052 2591 1089 2668 ὅς
1108 2591 1178 2658 ἐστι

156 2701 217 2758 τοῦ
239 2693 281 2759 εἶα
304 2695 387 2777 πρὸς
409 2696 469 2760 τὸν
487 2701 521 2782 χ.

221 2793 293 2864 Ἐπὶ
317 2797 354 2865 δὲ
378 2801 624 2885 όκταπλασίων,
653 2799 723 2868 ἐπεὶ
751 2800 814 2866 άπὸ
839 2812 907 2866 τῶν
933 2787 1052 2881 ξκατδι
1081 2802 1177 2870 ἑπτα-

116 2929 143 2969 25
156 2905 299 2970 πλάσιον
323 2900 370 2984 εἷς
393 2901 470 2991 παρ’
497 2907 556 2973 ἕνα
579 2910 691 2994 άρτιος
713 2905 770 2973 καὶ
792 2910 944 2993 περιττὸς
963 2910 1000 2974 αί
1016 2909 1177 2996 ὑπεροχαὶ

154 3016 319 3096 χίνονται,
337 3013 381 3095 ἥν
398 3035 449 3090 τις
468 3013 615 3092 ἑπιτάξοι
633 3014 744 3100 εὑρεῖν
764 3015 826 3079 δύο
846 3014 1013 3100 ἀριθμοὺς
1031 3015 1068 3081 ἐν
1087 3020 1177 3105 λόχῳ

157 3119 367 3206 όκταπλασίφ
378 3117 433 3184 καὶ
448 3120 593 3206 ὑπεροχῇ
608 3121 767 3207 μονάδων
782 3106 827 3204 ιδ,
842 3123 924 3186 κατὰ
937 3123 997 3186 τὸν
1010 3122 1176 3189 ὑποεπτα-

154 3226 298 3291 πλάσιον
322 3236 389 3291 τῶν
412 3227 570 3311 μονάδων
590 3230 808 3312 ζητηθήσεται
827 3228 845 3293 6
865 3227 1095 3313 ὀκταπλάσιος,
1119 3229 1175 3296 καὶ

155 3334 246 3397 ἔστιν
261 3332 278 3397 6
294 3333 449 3419 δεύτερος
463 3334 693 3420 ὀκταπλάσιος,
714 3336 754 3399 τά
769 3339 790 3418 β
804 3337 867 3420 γὰρ
882 3345 948 3400 τῶν
960 3321 998 3400 αδ
1011 3335 1176 3403 ὑποεπτα-

114 3462 140 3502 οο
154 3440 305 3518 πλάσιος·
324 3439 380 3505 καὶ
399 3444 489 3506 ἔστιν
508 3440 525 3506 6
544 3442 581 3509 ῖξ
598 3443 680 3529 πρὸς
695 3444 755 3507 τὸν
770 3445 791 3524 β
809 3440 903 3525 καὶὴ
924 3442 1068 3528 ὑπεροχὴ
1094 3430 1175 3511 ὁι-δ.

220 3545 287 3612 Καὶ
316 3547 432 3632 ἑφεξῆς
460 3549 578 3625 οὑτως·
612 3548 648 3613 ἐν
677 3540 727 3624 οἷς
756 3551 914 3632 φαίνεταί
941 3573 973 3614 τι
1004 3548 1059 3615 καὶ
1093 3553 1175 3617 άλλο
