2578 3984
248 178 297 232 οε
315 178 527 234 οΙοΡΗΑαΤο
547 179 772 234 TESTIMONIA
790 162 978 237 VETERUM.
1080 180 1124 245 59

149 343 279 408 δισσῶν
303 342 336 420 ές
360 339 397 407 δὲ
420 343 533 426 πυρὴν
555 340 609 407 καί
634 344 756 427 άλφιτα
780 341 835 408 καὶ
856 348 1061 428 τελαμῶνας·

195 451 324 533 είκαίην
350 450 454 513 δοιῶν
476 459 570 533 σῶμα
592 449 690 534 χάριν
713 449 849 534 λαβέτω.

178 576 359 657 Σχύλιον.
394 573 519 659 Εὑρεῖν
542 573 690 658 ἀριθμὸν
715 573 751 652 ὃς
778 577 894 653 λείύας
922 575 1022 661 μέρος
1050 574 1125 642 ἑαυ-

101 784 162 851 καλ
189 795 289 853 τοῦτο
318 783 354 852 δέ
383 788 500 872 ὅμοιόν
529 787 598 852 ἐστι
624 799 695 866 τοῖς
723 791 787 873 πρὸ
811 789 915 854 αὐτοῦ
938 787 994 854 καί
1017 791 1125 855 ὡσαύ-
1152 812 1165 851 ε

103 916 171 970 τως
194 892 333 971 ἐκείνοις
356 894 560 979 ἐφοδεύεται.
592 892 733 981 καὶγὰρ
758 896 956 980 εὑρίσκομεν
979 896 1125 981 ἀριθμὸν

105 1000 144 1077 ὃς
168 1000 338 1085 ἐλάχιστος
361 1001 409 1065 ὢν
432 1000 497 1080 ἕξει
519 1003 559 1066 τά
577 1003 777 1086 προκείμενα
796 1001 890 1088 μέρη,
914 999 968 1067 καὶ
993 1003 1083 1067 ἔστιν
1107 1004 1124 1068 ὁ

104 1093 157 1194 χ-ξ·
181 1107 241 1174 έδν
265 1102 328 1173 οὖν
352 1106 477 1193 ἀφέλῃς
500 1106 533 1186 ἐξ
558 1108 662 1174 αὐτοῦ
689 1108 771 1194 μέρη
800 1108 828 1175 ε’
841 1106 888 1193 ιβ’
901 1107 947 1174 ια’
960 1106 1124 1175 ιαίαἰα’

104 1212 154 1280 ια’
167 1213 284 1298 ιαία’,
317 1214 488 1281 τουτέστιν
520 1226 557 1299 μο
572 1200 625 1300 ᾖ,
663 1216 763 1280 λοιτά
795 1215 956 1300 μένουσιν
992 1218 1036 1302 ἦν
1069 1227 1124 1293 καὶ

104 1323 220 1388 λύεται
242 1323 279 1387 τὸ
301 1323 485 1407 πρόβλημα.
1139 1346 1164 1385 ιο

174 1426 254 1511 [Καὶ
286 1427 426 1513 γέγονεν
458 1428 607 1514 φανερὸν
640 1428 676 1493 έκ
707 1431 829 1495 τούτου
863 1431 914 1496 ὅτι
945 1431 1008 1516 τὴν
1037 1440 1124 1517 μνᾶν

102 1538 301 1602 ὑποτίθεται
324 1539 582 1621 τεταρτημόριον
604 1544 665 1601 τοῦ
688 1537 866 1603 ταλάντου·
890 1539 948 1615 τάς
970 1540 1034 1623 γάρ
1058 1524 1125 1623 ρμδ

104 1653 192 1728 μνᾶς
215 1643 259 1720 ὡς
282 1628 322 1711 ἴς
344 1643 490 1707 τάλαντα
513 1642 700 1725 ἐκτίθεται]

535 1863 578 1903 ια.
603 1840 693 1903 άλλο.

151 1958 280 2041 Ἠέλιος
303 1966 391 2047 μήνη
415 1958 527 2027 τεκαὶ
551 1961 778 2047 άμφιθέοντος
801 1964 917 2050 ἀλῆται
1138 1987 1164 2026 15

152 2073 325 2155 ζωοφόρον
348 2072 444 2152 τοίην
467 2092 519 2133 τοι
544 2068 770 2135 ἐπεκλώσαντο
794 2070 974 2156 γενέθλην·

152 2176 251 2261 ἕκτην
274 2172 335 2260 μὲν
358 2178 485 2260 βιότοιο
509 2178 590 2262 φίλη
613 2180 702 2262 παρά
725 2176 841 2263 μητέρι
864 2191 974 2264 μεῖναι

154 2284 317 2368 ὀρφανόν,
341 2283 508 2367 ὀγδοάτην
532 2278 570 2347 δὲ
592 2281 661 2365 μετ’
679 2283 879 2367 άντιβιόισιν
904 2285 1030 2371 ἀνάγκη

153 2390 323 2474 θητεύειν·
347 2391 470 2454 νόστον
490 2386 526 2453 δὲ
549 2389 691 2472 γυναῖκά
709 2413 744 2455 τε
762 2393 865 2456 παῖδα
883 2389 912 2455 τ’
931 2389 980 2457 ἐτ’
998 2392 1080 2478 αὐτῇ

151 2499 333 2582 τηλύγετον
358 2497 505 2562 δώσουσι
528 2494 604 2560 θεολ
627 2497 760 2583 τριτάτη
785 2496 836 2562 ἐπὶ
860 2500 976 2583 μοίρη·
1139 2520 1165 2558 εο

153 2605 195 2688 δὴ
214 2606 287 2669 τότε
307 2619 360 2668 σοι
375 2607 599 2667 Σκυθικοῖσιν
618 2598 674 2668 ὑπ’
686 2606 795 2688 ἔγχεσι
809 2615 886 2681 παῖς
904 2627 938 2670 τε
958 2605 1066 2690 δάμαρ
1089 2627 1124 2670 τε

2 2783 3 2792 ¹
97 2734 99 2738 ’
153 2713 323 2775 ὄλλννται·
348 2706 401 2774 σοὶ
421 2704 458 2773 δὲ
475 2719 584 2773 τοῖσιν
603 2708 779 2775 ε’κάλλιστα
798 2713 819 2791 †
841 2711 970 2795 δάκρυα
993 2713 1124 2796 γεύσας,

153 2816 234 2882 ἑκτά
256 2818 310 2882 καὶ
335 2814 435 2881 είκοσ’
454 2817 561 2880 έτεσσι
584 2818 662 2899 βίου
684 2815 759 2881 τιοτὶ
784 2815 886 2903 τέρμα
909 2820 1071 2902 περήσεις.

175 2945 358 3027 Σχύλιον.
406 2939 530 3026 Εὑρεῖν
554 2940 702 3038 άριθμ-ὸν
725 2941 761 3018 ὃς
790 2945 904 3019 λείύας
927 2941 1026 3026 μέρος
1050 2941 1124 3008 ἑαν-

107 3058 168 3116 τοῦ
201 3045 323 3133 ςἠ’γ’
350 3046 415 3126 έξει
447 3048 564 3124 λοιπάς
592 3051 687 3131 μθκζ.
730 3045 906 3114 καὶτοῦτο
938 3046 974 3114 δὲ
1007 3050 1124 3134 ὅμοιόν
1138 3070 1164 3110 ετ

107 3156 176 3223 έστι
200 3166 269 3233 τοῖς
291 3157 355 3240 πρὸ
379 3154 483 3220 αὐτοῦ
505 3152 560 3220 καὶ
584 3154 706 3238 ὁμοίως
729 3155 931 3239 ἐφοδεύεται.
974 3156 1125 3240 εὑρίσκο-

181 3357 195 3403 1
216 3347 244 3413 ἔς
262 3370 291 3404 τε
311 3349 354 3403 ed.
424 3352 440 3401 5
459 3349 528 3420 τοῖς]
547 3356 596 3403 τοῦ
615 3349 646 3403 Ρ.
717 3354 822 3403 11-13
841 3348 890 3402 καὶ
909 3389 916 3403 .
932 3392 959 3404 ..
980 3344 1125 3403 ἐκτίθεται

3 3457 4 3462 1
111 3421 216 3477 delevi:
236 3421 341 3476 etenim
360 3419 500 3473 minarum
519 3437 629 3473 summa
642 3421 686 3473 est
701 3425 752 3473 120
771 3422 801 3474 eb
816 3436 867 3489 pro
883 3425 898 3473 2
912 3419 1029 3474 talentis
1048 3436 1125 3474 com-

107 3494 233 3563 putatur.
302 3497 336 3545 14
354 3492 405 3560 Ep.
420 3491 493 3559 XIV,
510 3497 569 3546 124.
644 3497 676 3546 16
697 3490 882 3561 ζαόφορονΡ
955 3496 988 3545 18
1007 3487 1122 3560 ὀγδοάτ’

4 3599 5 3630 ;
107 3562 158 3634 ηδὲ
174 3565 205 3620 Ρ.
251 3563 361 3634 ἀνάγκη
375 3562 406 3618 Ρ.
470 3569 503 3616 21
520 3561 632 3632 έγχεϊΡ.
685 3569 718 3618 22
733 3559 896 3634 έκάλλιστα]
913 3557 958 3616 ἐπ’
971 3561 1065 3632 άλγεοι
1080 3561 1123 3616 ed.
