2578 3984
213 223 261 278 DE
280 223 495 280 DIOPHANTO
515 224 739 283 TESTIMONIA
756 229 941 284 VETERUM.
1043 230 1085 294 75

63 411 142 464 νοις
165 387 203 452 τὸ
226 385 354 454 τέλειον
378 390 457 472 ἔχει·
481 387 518 453 ἐν
541 385 602 473 μὶν
620 388 757 476 ἡμέραις
780 392 831 457 ότι
854 392 915 475 τὴν
939 389 1086 476 ἑβδόμην

64 495 104 560 οί
125 495 239 579 ίατροί
257 510 340 580 φασι
362 496 529 580 κρίσιμον·
559 494 596 561 ἐν
620 494 657 562 δὲ
680 496 782 582 μησλν
806 499 858 564 ότι
879 500 920 564 τά
943 497 1085 583 ἑπταμη-

64 612 161 667 νιαῖα
178 612 247 667 τῶν
262 601 419 685 ἐμβρύων
437 602 559 686 γόνιμά
578 605 651 686 εἰσι,
671 614 739 669 τῶν
759 604 957 689 όκταμήνων
977 607 1084 671 όντων

63 709 213 794 ἀγόνων·
247 707 285 774 ἐν
312 704 342 773 δ’
367 706 531 787 ἐνιαυτοῖς
562 710 614 775 ὅτι
646 711 667 795 ἡ
699 712 812 796 πρώτη
843 711 987 796 ἑβδομὰς
1017 723 1085 777 τῶν

62 817 231 883 ἐνιαυτῶν
259 815 400 892 ὀδόντας
427 814 568 899 ἀμείβει·
596 817 633 882 ἐν
662 814 699 883 δὲ
728 815 909 903 ἑβδομάσιν
933 819 984 883 ὅτι
1007 818 1084 883 ἀυα-
1111 834 1125 873 ⁶

62 927 250 989 κυκλοῦσιν
287 922 334 997 είς
369 922 431 1005 την
467 920 628 1007 ἑβδόμην·
664 924 724 990 τὸν
758 922 795 990 δὲ
828 925 930 990 αὐτὸν
962 933 1085 990 τοῦτον

61 1029 216 1114 ἀριθμὸν
241 1030 301 1094 τὸν
325 1013 548 1113 ξΠαρθίνον
574 1027 629 1094 καλ
653 1028 803 1114 Ἀθηνάν
832 1029 1005 1114 λέγουσιν,
1033 1031 1085 1096 ὅτι

61 1137 143 1202 οὔτε
181 1138 322 1201 τίκτεται
354 1132 409 1200 ὑπ’
442 1135 545 1200 ἀλλον
584 1136 730 1222 ἀριθμοῦ
768 1137 861 1214 ἐντὸς
892 1149 959 1203 τῶν
992 1135 1082 1221 δέκα,

61 1243 143 1308 οὔτε
167 1244 268 1306 τίκτει
292 1242 396 1307 ἀλλον
418 1252 487 1306 τῶν
509 1250 567 1326 της
591 1243 730 1319 δεκάδος
753 1245 867 1309 ἔνδον·
892 1243 910 1309 ὁ
934 1239 1082 1327 μὲνγὰρ

60 1353 82 1417 ξ
108 1349 175 1415 ὑπὸ
197 1360 265 1414 τῶν
289 1333 310 1431 β
332 1350 485 1432 τίκτεται,
509 1345 594 1435 (τρὶς
617 1350 680 1434 γάρ
699 1336 732 1433 β,
743 1347 788 1437 ξ),
812 1347 867 1415 καὶ
890 1360 912 1434 η
935 1349 1000 1415 ὑπὸ
1023 1359 1083 1415 τοῦ
1098 1371 1125 1410 ιο

60 1441 101 1541 δ,
132 1452 201 1542 (δὶς
224 1457 287 1540 γάρ
307 1439 343 1537 δ,
358 1453 409 1538 η)·
445 1456 505 1520 τὸν
529 1453 569 1520 δέ
588 1479 626 1539 γε
652 1460 668 1534 ζ
690 1455 802 1533 οὐδεὶς
828 1457 932 1543 γεννᾷ
962 1461 1084 1522 πολλα-

59 1565 337 1646 πλασιαζόμενος·
375 1557 447 1625 ἀλλ’
476 1558 549 1626 οὐδ’
577 1561 676 1638 αὐτὸς
712 1564 833 1646 ἀλλον,
869 1563 914 1639 ὡς
945 1564 1083 1647 ἔφαμεν,

60 1679 207 1752 γεννῶν,
230 1668 381 1752 καθάπερ
406 1667 545 1733 ὑετὸν
570 1681 595 1750 ῑ,
619 1666 676 1733 καὶ
698 1670 738 1733 τά
760 1672 782 1752 β
804 1670 864 1735 τὸν
888 1672 923 1755 ξ,
945 1667 1001 1735 καλ
1024 1670 1083 1735 τὸν

62 1786 87 1861 η
110 1777 153 1841 τὰ
174 1761 206 1841 δ.
343 1763 349 1774 ’

131 1879 201 1947 Καὶ
224 1882 242 1948 ὁ
266 1879 327 1966 μὲν
351 1885 368 1961 ζ
390 1882 446 1946 διά
468 1891 570 1947 ταῦτα
590 1878 717 1965 Ἀθηνᾶ
739 1879 795 1947 καὶ
820 1881 1001 1968 Παρθένος
1023 1907 1080 1947 κα-
1096 1901 1121 1942 15

62 1994 184 2056 λεϊται·
213 1989 231 2055 ὁ
259 1985 297 2054 δὲ
323 1998 341 2054 ἒ
369 1989 493 2073 Γάμος·
521 1988 691 2072 σύγκειται
718 1990 783 2073 γὰρ
813 1988 849 2055 ἐκ
874 1996 897 2073 γ
919 1986 975 2054 καὶ
998 1974 1035 2072 β,
1064 1988 1082 2053 ό

63 2096 158 2162 ἐστιν
185 2095 218 2174 ἐξ
251 2095 368 2182 ἀρτίου
400 2093 455 2160 καλ
486 2103 658 2178 περιττοῦ,
687 2093 742 2160 καὶ
770 2095 930 2181 ἀναλογεῖ
954 2098 992 2162 τὸ
1020 2091 1083 2179 μὲν

62 2203 220 2289 περιττὸν
243 2203 374 2287 ἀρρευι,
402 2204 440 2268 τὸ
469 2198 506 2266 δὲ
535 2202 652 2285 ἀρτιου
673 2204 772 2285 θήλει
800 2203 856 2267 διά
883 2203 920 2267 τὸ
948 2211 1082 2286 γεννάν.

134 2309 203 2374 Διά
239 2315 342 2374 ταῦτα
378 2304 439 2392 μὲν
472 2303 535 2372 οὖν
566 2316 606 2392 τῇ
637 2313 860 2395 Πυθαγορικη
897 2312 1073 2395 ηιιλοσοηιία

62 2419 230 2502 χρήσιμον
252 2415 289 2480 τὸ
317 2417 461 2497 βιβλίον,
490 2413 541 2478 ὅτι
568 2413 689 2479 ἐκεῖνοι
715 2425 786 2491 τοῖς
812 2416 982 2500 πράγμασι
1004 2417 1083 2491 τοὺς
1097 2436 1123 2475 ιο

62 2523 234 2609 ἀριθμοὺς
262 2521 522 2604 ἐπιβιβάζουσιν·
551 2519 634 2585 ἀλλά
667 2522 707 2605 δὴ
731 2519 786 2586 καὶ
808 2529 849 2606 τῇ
872 2526 1084 2606 Πλατωνικη,

65 2631 117 2696 ὅτι
141 2631 201 2695 τὸν
224 2629 430 2714 δημιουργὸν
454 2626 472 2692 ὁ
497 2628 641 2693 Πλάτων
664 2628 702 2692 ἓν
726 2629 830 2710 ἔλεγε·
859 2625 1005 2711 καὶμὴν
1028 2626 1083 2693 καὶ

65 2737 269 2822 φυσιολογίᾳ
307 2735 545 2818 συμβάλλεται·
587 2736 694 2800 πολλὰ
733 2735 798 2818 γάρ
844 2733 1081 2818 ἀμβλώσκεται,

62 2843 173 2908 πολλὰ
203 2838 240 2907 δὲ
272 2839 391 2926 τέρατα
422 2843 566 2905 τίκτεται
597 2842 687 2923 παρὰ
722 2843 782 2906 τὸν
819 2838 985 2925 διάφορον
1021 2850 1082 2905 τοῦ

64 2952 191 3034 χρόνον
215 2948 377 3031 ἀριθμόν·
401 2948 441 3012 τά
464 2949 527 3032 γάρ
546 2947 715 3032 ὀκτάμηνα
735 2951 862 3034 ἔμβρυα
881 2946 987 3031 ἀγονά
1006 2948 1081 3029 εἰσι,
1096 2966 1122 3006 ετ

66 3057 125 3121 διά
148 3056 264 3140 ἀρτιον
287 3062 348 3119 τοῦ
371 3053 528 3138 ἀριθμοῦ.

132 3163 205 3247 Χρὴ
236 3159 273 3226 δὲ
300 3171 417 3225 πασῶν
445 3171 514 3225 τῶν
535 3159 725 3245 ἐπιστημῶν
746 3171 814 3225 τῶν
842 3166 1083 3246 μαθηματικῶν

63 3267 357 3354 προαναλόγεσθαι
375 3269 454 3344 τοὺς
473 3266 650 3353 ἀριθμούς,
671 3268 721 3332 ότι
739 3267 874 3333 πάντων
892 3268 927 3333 οί
942 3265 1083 3353 ἀριθμοὶ

65 3375 275 3461 ἀρχαιότεροι
302 3375 348 3451 ὡς
374 3372 430 3439 καὶ
458 3373 557 3450 αὐτὸς
585 3373 603 3439 ὁ
627 3376 820 3458 Νικόμαχος
848 3375 976 3459 προιὼν
1003 3373 1082 3439 ἀπο-

6 3523 8 3572 3
66 3482 180 3561 δείξει·
208 3479 264 3546 καὶ
287 3481 338 3546 ότι
362 3479 380 3546 ό
404 3476 465 3565 μὲν
489 3479 633 3565 ἀριθμὸς
657 3479 844 3565 ἀσώματος,
866 3482 904 3546 τὸ
929 3478 966 3546 δὲ
989 3479 1083 3565 με’γε-
1097 3499 1124 3538 ³⁰

7 3625 8 3678 j
64 3596 128 3667 θος
153 3586 229 3674 περὶ
253 3587 271 3653 ὃ
294 3588 335 3652 τά
358 3588 441 3653 ἀλλα
464 3589 678 3672 μαθηματικά
700 3590 947 3672 καταγίνονται,
971 3597 1083 3671 σῶμα·
