2578 3984
175 191 219 254 54
322 190 370 244 DE
389 188 599 245 DIOPHANTO
618 189 842 245 TESTIMONIA
859 189 1045 246 VETERUM.

173 349 229 417 καὶ
265 350 379 437 ἐπειδὴ
388 353 650 453 ψτετραπλάσιός
687 351 777 420 ε’στιν
814 353 832 420 ὁ
870 352 902 432 ἐξ
940 352 1041 440 ἀρχῆς
1064 353 1195 454 ῥδεὶς
1282 329 1283 342 ἐ

174 457 319 558 ἀριθμὸς
341 460 360 527 ό
383 463 428 546 μδ
450 468 510 525 τοῦ
533 465 583 542 ι’ά,
606 471 691 526 ποιῶ
714 461 953 547 τετραπλάσιον
976 469 1036 525 τοῦ
1060 464 1106 527 πδ
1128 463 1192 526 τὸν

173 570 233 633 τλς
255 564 312 632 καὶ
334 570 403 636 λύω
425 571 463 635 τὸ
486 573 670 656 πρόβλημα.

604 792 634 850 μ.
667 767 757 831 άλλο.

147 904 160 944 5
218 891 294 952 Ποῦ
317 905 371 953 σοι
394 894 481 973 μῆλα
504 889 656 974 βέβηκεν,
680 889 760 973 ἐμὸν
783 885 890 965 τίκοςς
914 885 1014 951 Ἕκτα
1037 885 1098 972 μὲν
1114 886 1189 954 Ἰνὼ

262 995 338 1059 δοιδι
360 993 416 1060 καὶ
439 995 604 1080 ὀγδοάτην
628 1007 750 1081 μοῖραν
774 997 840 1079 ἔχει
863 991 1006 1077 Σεμέλη·

216 1100 371 1184 Αὐτονόη
397 1099 434 1167 δὲ
455 1100 613 1188 τέταρτον
637 1103 845 1187 ἀφήρπασεν,
874 1100 978 1186 αὐτάρ
997 1097 1121 1184 Ἀγαυὴ

259 1206 408 1292 πέμπτον
432 1208 520 1293 ἐμῶν
542 1212 676 1276 κόλπων
700 1205 798 1293 οἴχετ’
817 1205 1034 1291 ἀπαινυμένη.

217 1312 270 1381 σοὶ
294 1313 325 1380 δ’
343 1315 425 1400 αὐτῇ
450 1314 528 1380 δέκα
552 1321 639 1399 μῆλα
662 1316 877 1401 φυλάσσεται,
900 1314 1004 1398 αὐτδρ
1029 1316 1143 1398 ἔμοιγε,

132 1439 158 1479 10
260 1420 315 1486 ναὶ
340 1422 385 1506 μά
409 1424 512 1506 φίλην
534 1424 680 1508 Κύπριν,
704 1424 741 1488 ἓν
764 1423 840 1486 τόδε
863 1430 992 1505 μοῦνον
1015 1423 1087 1506 ἐχω.

238 1548 423 1631 Σχόλιον.
460 1547 585 1632 Εὑρεῖν
607 1547 799 1633 <άριδμὸν>
823 1545 859 1624 ὃς
886 1547 1002 1623 λείψας
1024 1542 1190 1629 μή’δέ’

172 1649 236 1728 ἔξει
264 1653 381 1729 λοιπάς
409 1665 445 1738 μο
463 1657 508 1718 ια.
548 1651 604 1719 καί
630 1663 729 1720 τοῦτο
759 1653 877 1738 ὅμοιον
899 1663 969 1729 τοῖς
994 1655 1059 1737 πρὸ
1077 1653 1190 1721 ,αὐτοῦ

171 1755 226 1822 καὶ
259 1757 381 1843 ὁμοίως
411 1759 672 1845 ἐφοδευόμενον·
705 1760 891 1846 εὑρίσκεται
923 1760 987 1842 γάρ
1020 1759 1192 1844 ἐλάχιστος

173 1865 316 1950 ἀριθμὸς
340 1869 424 1951 ἔχειν
447 1868 487 1933 τά
509 1870 710 1953 προκείμενα
733 1866 815 1952 με’ρη
840 1867 857 1931 δ
882 1872 936 1953 ὧι·
966 1866 1024 1932 ἐάν
1048 1865 1085 1932 δὲ
1109 1867 1190 1953 ίιφί-

136 1989 162 2028 15
177 1975 237 2056 λης
260 1969 293 2049 ἐξ
317 1973 421 2038 αὐτοῦ
443 1971 477 2057 μ’
492 1970 527 2056 η’
544 1972 578 2038 δ’
592 1972 634 2056 ε’,
658 1974 776 2040 λοιπὸν
800 1973 961 2057 μεύουσιν
983 1977 1027 2039 ιἀ.

603 2169 633 2233 δ.
665 2170 755 2234 άλλο.
797 2133 800 2138 ¹

89 2239 175 2320 's
214 2291 417 2377 Λρειλιαμένη
441 2292 520 2359 ποτὲ
543 2299 631 2379 μῆλα
650 2297 763 2378 φίλαις
782 2294 979 2359 διεδάσσατο
999 2295 1143 2379 Μυρτώ·

11 2431 20 2444 ·
106 2424 114 2437 “
214 2401 358 2484 Χρυσίδι
377 2398 438 2486 μὲν
457 2404 571 2486 μηλων
590 2400 739 2484 πέμπτον
757 2403 851 2486 πόρε,
875 2398 1032 2486 τέτρατον
1047 2396 1156 2486 Ἡροί,

214 2505 508 2574 ἐννεακαιδέκατον
532 2509 694 2592 Ψαμάθη,
718 2505 858 2574 δίκαιον
878 2508 1089 2593 Κλεοπάτρῃ·

130 2631 156 2670 2⁰
215 2612 319 2699 αὐτδιρ
343 2613 510 2680 ἐεικοστὸν
534 2616 707 2700 δωρήσατο
731 2617 989 2699 Παρδενοπείη,

215 2721 344 2785 δώδεκα
363 2719 394 2785 δ’
412 2722 550 2806 Εὐάδνη
575 2731 703 2803 μοῦνον
722 2723 839 2804 πόρεν
863 2720 967 2806 αὐτὰρ
986 2719 1019 2798 ἐς
1038 2719 1144 2804 αὐτὴν

213 2827 346 2909 ἤλυθον
369 2827 405 2892 ἐκ
427 2828 562 2893 πάντων
586 2826 703 2893 ἑκατὸν
723 2824 778 2894 καὶ
802 2833 907 2892 εἴκοσι
930 2832 1026 2912 μῆλα.

237 2953 418 3035 Σχόλιον.
456 2951 581 3036 Εὑρεῖν
601 2952 748 3037 ἀριθμὸν
768 2951 804 3028 ὃς
827 2953 943 3031 λείψας
965 2949 994 3017 ε’
1008 2949 1188 3018 δίδί’κ’

171 3055 235 3135 ἕξει
253 3058 371 3133 λοιπάς
390 3069 426 3142 μο
442 3043 514 3142 ρλό.
550 3057 605 3124 καὶ
635 3068 734 3125 τοῦτο
764 3059 882 3142 ὅμοιον
903 3069 972 3135 τοῖς
994 3059 1059 3144 πρὸ
1082 3059 1189 3126 αὐτοῦ

129 3183 158 3222 25
171 3160 225 3226 καὶ
250 3161 373 3246 ὁμοίως
396 3166 576 3249 λυόμενον·
599 3165 796 3250 εὑρίσκομεν
814 3165 878 3247 γάρ
898 3164 1070 3250 ἐλάχιστον
1089 3164 1189 3252 ἀριδ-

172 3269 236 3353 μδν
260 3268 297 3346 ὃς
315 3268 379 3348 ἕξει
397 3272 437 3335 τδι
455 3276 654 3358 προκείμενα
673 3269 756 3356 μέρη
776 3271 836 3336 τὸν
853 3275 912 3354 τ’π,
935 3270 991 3336 καὶ
1012 3271 1069 3337 ἐὰν
1088 3272 1189 3357 ἀφαι-

171 3380 256 3460 ρεθῇ
276 3374 308 3454 ἐξ
328 3377 432 3442 αὐτοῦ
451 3377 533 3463 μέρη
554 3375 628 3443 ε’δ’
640 3375 691 3443 ιδ’
703 3376 782 3461 ι’κ’,
802 3380 921 3444 λοιπὸν
940 3376 1100 3463 μένουσιν
1115 3366 1187 3464 ρλβ.

242 3569 436 3642 3πρόβλημα]
455 3578 571 3641 πράημα
589 3571 618 3626 P.
689 3570 774 3640 4Ερ.
790 3571 861 3640 XIV,
878 3577 937 3627 117.
1008 3579 1040 3627 16
1060 3571 1110 3642 Ep.
1127 3579 1188 3631 118.
