2570 3988
260 191 308 245 DE
327 190 540 246 DIOPHANTO
559 189 784 246 TESTIMONIA
801 191 986 249 VETERUM.
1087 192 1131 257 45

112 356 274 440 Πιερίδες
297 377 355 437 μοι
378 358 464 440 μῆλα
489 356 675 438 διήρπασαν
699 356 835 431 ἄλλυδις
857 357 940 438 άλλη
1035 352 1063 434 ζ’
1087 358 1133 420 oo}

113 461 294 545 αἰνύμεναι
317 463 470 545 κόλποιο,
492 462 532 525 τά
556 462 597 545 δὴ
621 459 726 547 φέρον
750 460 783 539 ἐξ
801 458 987 538 Ἑλικῶνος.
1028 461 1062 543 η’
1086 464 1133 526 υἷι

113 567 226 632 Κλειὼ
246 563 307 651 μὲν
326 570 440 652 μήλων
458 565 606 650 πέμπτου
625 567 716 652 λάβε,
736 567 925 633 δωδέκατον
945 565 982 633 δὲ
1015 566 1063 651 ιβ’
1087 574 1133 633 ὄπ

112 671 284 759 Εὐτέρπη·
309 673 389 755 ἀτάρ
414 673 580 757 ὀγδοάτην
602 674 681 758 λάχε
705 675 760 740 δία
785 675 920 740 Θάλεια·
1016 671 1047 739 κ’
1071 659 1133 761 ρξη

113 778 322 865 Μελπομένη
348 777 380 845 δ’
399 781 549 845 εἰκοστὸν
572 780 754 866 ἀπαίνυτο,
781 784 967 866 Τερψιχόρη
993 778 1029 846 δὲ
1102 818 1103 822 =
1161 807 1173 846 τ

113 885 285 970 τέτρατον
310 883 496 970 ἕβδομάτην
518 882 547 950 δ’
564 885 686 970 Ἐρατὼ
710 889 883 969 μετεκίαθε
907 889 1042 972 μοίρην·

114 992 136 1075 ἡ
162 988 199 1057 δέ
222 994 428 1077 τριηκόντων
452 1015 491 1075 με
515 992 692 1077 Πολύμνια
715 994 855 1076 νόσφισε
879 995 1004 1077 μύλων,

119 1099 270 1184 Οὐρανίη
296 1097 327 1164 δ’
347 1096 463 1165 ἑκατόν
486 1121 521 1163 τε
544 1097 598 1162 καὶ
622 1105 740 1164 εἴκοσι·
764 1102 936 1183 Καλλιόπη
962 1097 999 1166 δὲ

117 1203 307 1290 βριθομένη
331 1207 464 1290 μηλοισι
487 1208 705 1290 τριηκοσιόισι
728 1204 860 1290 βέβηκε·

117 1308 173 1376 σοὶ
198 1307 228 1374 δ’
242 1313 305 1395 ἄρα
328 1309 572 1396 κουφοτέρησιν
595 1311 659 1394 ἐγὼ
683 1313 747 1375 σὺν
770 1310 1024 1411 χερσλνιίκάνω,
1146 1339 1173 1378 το

863 1411 898 1469 5⁰
919 1403 1078 1484 μονάδων
1096 1405 1132 1486 ᾧ.

116 1508 323 1590 πεντήκοντα
346 1504 460 1591 φέρων
483 1508 561 1572 τάδε
584 1510 726 1584 λείψανα
749 1511 835 1591 μῆλα
857 1509 980 1573 θεάων.

844 1596 861 1661 6
885 1606 948 1673 πᾶς
971 1592 1033 1663 οὐν
1057 1598 1131 1686 μιξ.

186 1736 404 1823 ΣχόλιονῙ).
421 1773 461 1783 -
476 1733 513 1802 ‘A
533 1739 697 1822 Κύπρις·
717 1738 828 1822 εὑρεῖν
847 1737 994 1824 ἀριθμὸν
1014 1740 1050 1817 ὃς
1069 1743 1133 1806 λεί-

117 1855 183 1922 ὐας
202 1844 301 1930 μέρος
320 1842 439 1910 ἑαυτοῦ
463 1841 491 1909 ε’
508 1841 555 1928 ιβ’
569 1841 602 1928 η’
618 1842 651 1908 κ’
668 1846 688 1908 δ
693 1839 700 1864 ‘
717 1844 744 1922 ζ’
764 1843 827 1923 έξει
846 1847 963 1923 λοιπάς
985 1847 1133 1930 μονάδας
1148 1872 1173 1913 15

119 1955 156 2038 ᾧ.
189 1949 243 2017 καὶ
267 1960 365 2018 τοῦτο
390 1948 426 2016 δὲ
450 1952 568 2036 ὅμοιόν
591 1951 660 2016 ἐστι
687 1962 756 2028 τοῖς
783 1953 848 2036 πρὸ
872 1951 1054 2019 αὐτοῦκαὶ
1077 1955 1132 2019 διά

117 2070 175 2144 τῆς
208 2059 309 2142 αὐτῆς
341 2058 467 2142 ἐφόδου
499 2061 697 2143 περαίνεται.
747 2057 802 2124 καλ
836 2060 898 2145 γάρ
937 2060 1132 2146 εὑρίσκομεν

118 2166 267 2251 ἀριθμὸν
293 2164 329 2242 ὃς
352 2165 522 2249 ἐλάχιστος
545 2165 593 2228 ὢν
613 2164 677 2244 ἕξει
700 2166 739 2230 τά
758 2168 958 2251 προκείμενα
976 2165 1058 2253 μέρη
1077 2165 1133 2232 καλ

118 2275 210 2337 ἔστιν
234 2270 251 2336 6
274 2273 339 2355 ὤμ’·
367 2270 422 2336 καὶ
451 2270 509 2336 ε’άν
532 2274 629 2356 λείψη
654 2265 751 2349 οὗτος
773 2269 873 2358 μέρος
895 2270 1016 2338 ἑαυτοῦ
1040 2271 1069 2338 ε’
1085 2269 1131 2357 ιβ’

117 2375 153 2461 η’
168 2376 201 2443 κ’
217 2375 251 2442 δ’
268 2375 308 2462 ζ’,
337 2379 435 2444 λοιπά
463 2376 623 2461 μένουσιν
646 2381 717 2463 ρκ’ἑ.
762 2376 817 2444 καὶ
846 2378 958 2462 ἐπειδὴ
982 2379 999 2445 6
1023 2384 1050 2463 ᾧ
1072 2389 1133 2445 τοῦ
1147 2407 1173 2447 20

118 2488 180 2572 ff
213 2483 282 2550 ἐστὶ
313 2484 566 2568 τετραπλάσιος,
598 2483 656 2548 ἐὰν
687 2491 976 2571 τετραπλασιασθῇ
1010 2487 1027 2553 6
1060 2495 1132 2574 τῇ,

118 2595 251 2677 ποιησει
277 2592 336 2656 τὸν
360 2576 425 2678 ,με-ξ
452 2589 507 2656 καὶ
535 2591 648 2655 λύεται
675 2592 712 2656 τὸ
740 2595 923 2676 πρόβλημα.
969 2591 1064 2659 ἕνεκα
1096 2593 1133 2661 δὲ

118 2699 241 2764 τούτου
263 2702 390 2782 γίνεται
417 2698 461 2774 ὡς
488 2699 562 2783 άρτι
590 2699 608 2765 6
631 2701 659 2784 ᾧ
685 2700 767 2784 πρὸς
794 2701 853 2764 τὸν
880 2701 956 2782 ᾖτε,
985 2701 1091 2779 οὕτως
1114 2702 1132 2768 6

118 2792 187 2892 ,γ-τζ
211 2799 292 2890 πρὸς
315 2806 374 2870 τὸν
392 2808 461 2889 ωμ,
486 2807 571 2871 διότι
589 2808 630 2870 τά
648 2804 730 2892 μέρη
749 2817 819 2883 τοῖς
837 2807 994 2884 ὡσαύτως
1011 2813 1132 2873 πολλα-

119 2915 272 2988 πλασίοις
297 2914 357 2977 τὸν
381 2911 482 2977 αὐτὸν
510 2915 576 2996 ἔχει
604 2915 706 2996 λόγον
734 2914 908 2997 ληφθέντα
934 2916 1131 3000 κατάλληλα,
1147 2937 1172 2978 25

119 3019 202 3083 κατά
224 3019 262 3082 τὸ
286 3029 343 3084 ιεο”
363 3027 423 3084 τοῦ
446 3030 491 3084 ε’)υ
513 3029 580 3083 τῶν
602 3019 788 3085 Εὐκλείδου
812 3025 1004 3106 Στοιχείων.

192 3266 219 3335 1)
238 3263 381 3319 Scholium
398 3263 429 3318 in
446 3263 574 3332 margine
593 3265 742 3335 scriplum
766 3266 821 3321 hoo
838 3266 985 3336 problema
1002 3267 1132 3337 quintum

118 3338 182 3390 erat
199 3335 394 3390 Metrodoroao
413 3334 593 3391 collectionis.

193 3572 209 3619 3
228 3565 313 3639 λάβεν
331 3567 360 3625 P.
433 3574 451 3622 4
470 3566 558 3637 αὐτὰρ
577 3568 607 3623 P.
681 3575 715 3623 10
733 3567 947 3640 κουροτέροισιν
964 3570 993 3627 Ρ.
