2568 3980
355 197 508 254 SCHOLIA
526 197 567 252 IN
584 196 837 252 DIOPHANTUM.
1051 197 1113 262 137

13 289 15 402 6
96 372 200 444 ποιεί,
234 361 322 427 οὕτω
353 359 409 426 ιιαλ
440 369 506 426 πᾶν
540 359 749 446 ἀριθμοστὸν
781 357 833 425 ἐπὶ
865 361 927 444 τὴν
959 359 1023 427 άπὸ
1055 369 1116 426 τοῦ

12 415 15 548 6
97 468 279 552 ὁμωνύμου
303 466 391 555 αὐτῷ
416 466 564 553 ἀριθμοῦ
586 465 772 551 γενομένην
795 467 950 552 δύναμιν,
978 467 1039 532 οὐκ
1062 466 1116 533 ἐπὶ

96 577 157 659 τὴν
180 582 361 659 τυχοῦσαν,
384 571 712 657 πολλαπλασιασθέν,
735 575 795 640 τὸν
818 574 998 659 ὁμώνυμον
1026 573 1115 662 αὐτῷ

11 719 13 724 -
98 680 247 766 ἀριθμὸν
269 683 410 765 ποιησει.
448 671 521 746 οἷον
545 683 628 745 ἔστω
652 679 860 767 άριθμοστὸν
882 683 920 746 τὸ
943 691 1007 764 7⁰⁹,
1033 680 1054 764 6
1079 677 1116 745 δέ

97 787 159 855 άπὸ
175 797 237 854 τοῦ
252 787 432 873 ὁμωνύμου
452 787 540 878 αὐτῷ
560 786 709 873 ἀριθμοῦ
729 788 870 872 δύναμις
884 787 902 853 6
917 773 955 852 θ·
975 785 1115 872 λέγομεν
1142 809 1155 852 ι

10 929 11 982 3
97 890 173 961 οὖν·
203 894 352 973 έννεάκις
374 897 411 961 τὸ
435 896 563 981 τρίτον,
595 891 694 959 ένυέα
716 897 826 980 τρίτα,
858 906 947 980 τρεῖς
974 894 1117 978 μονάδες

97 1004 169 1069 εἰσί.
207 999 262 1067 καὶ
276 1001 415 1087 μέμονεν
430 1002 448 1069 6
463 1007 484 1085 μ
501 1002 644 1087 ἀριθμὸς
659 1000 836 1086 ὁμώνυμος
849 1009 895 1091 τῷ
910 1000 1117 1090 δριθμοστρῦ,

9 1149 10 1176 ι
96 1111 170 1193 ἤτοι
194 1117 239 1198 τῷ
263 1121 305 1193 γλ·
328 1119 387 1194 τῆς
409 1109 556 1195 μονάδος
579 1107 679 1193 μέρει.

76 1283 81 1288 ,
158 1211 297 1300 Ὁμοίως
320 1214 374 1283 καὶ
398 1216 605 1303 άριθμοστδν
629 1213 682 1281 ἐπὶ
705 1216 827 1299 κύβον,
852 1215 996 1299 δυνάμιν
1019 1225 1115 1280 ποιεί.

8 1375 9 1384 .
97 1325 182 1388 έστω
201 1325 265 1406 γάρ
284 1325 385 1389 πάλιν
404 1319 670 1410 άριθμοστὸνὶ
632 1348 654 1407 μ
672 1347 693 1387 ν
711 1323 816 1407 τὸμο
816 1371 826 1406 ,
850 1317 1008 1406 κῦβοςδὲ
993 1307 1156 1401 {ost-10

97 1434 150 1495 καί
174 1429 328 1514 λέγομεν·
359 1429 652 1507 είκοσικαιεπτάκις
675 1430 845 1512 vby⁰u
788 1478 797 1512 ‚
826 1433 992 1515 κζτρίτα,
1015 1430 1055 1493 τά
1079 1424 1117 1494 δέ

6 1617 7 1624 ¹
96 1541 245 1624 ιιζτρίτα
265 1543 293 1602 θ
311 1536 456 1622 μονάδες
483 1538 581 1602 είσίν·
614 1533 668 1601 καί
696 1534 836 1620 μέμονεν
865 1535 882 1602 ὁ
910 1543 936 1601 θ
964 1536 1115 1620 δύναμις.

6 1627 7 1696 λ
96 1643 241 1711 ἐπὶτῶν
264 1645 375 1709 άλλων
399 1643 565 1720 ὡσαύτως.

154 1749 264 1816 Ἔστω
284 1746 321 1816 δὲ
339 1748 395 1815 καὶ
414 1748 467 1816 ἐπὶ
487 1750 734 1835 διαγράμματος
753 1745 906 1834 δῆλονέ
905 1773 961 1814 κκε
964 1753 1117 1815 ίσθωσαν

97 1859 159 1924 δύο
184 1858 315 1924 εὐθεῖαι
338 1858 421 1943 πρὸς
444 1856 551 1943 ὀρθάς
574 1857 731 1940 ἀλλήλαις
750 1881 769 1920 α
773 1857 868 1922 [AB
891 1855 947 1922 καὶ
965 1860 1040 1941 ΑΓ,
1059 1855 1114 1922 καί
1130 1875 1156 1915 15

97 1968 180 2032 ἔστω
202 1961 304 2049 ἡμὲν
322 1967 388 2028 ΑΒ
408 1949 659 2048 μονάδωνδ,ἡ

97 2070 229 2138 δὲΑΓ
254 2071 449 2156 μονάδος“
428 2097 457 2136 α.
497 2070 553 2137 καὶ
581 2072 659 2137 ἀνα-

96 2178 281 2266 γεγράφθω
310 2171 365 2242 άιί
397 2177 509 2243 αὐτῶν
535 2184 658 2265 παραλ-
689 2012 1089 2309 ἃδ-δῖ-λδῖἶ-ἕδ

96 2288 333 2371 ληλόγραμμον
359 2285 397 2349 τὸ
422 2288 574 2369 ΑΒΓΔ,
602 2283 658 2351 καὶ
708 2281 722 2321 ⁷
796 2280 810 2309 κ
983 2261 1090 2323 μή

97 2396 272 2480 διηρησθω
302 2390 323 2475 6
351 2395 416 2457 AB
450 2394 497 2470 είς
528 2394 586 2470 τάς
618 2394 782 2478 μονάδας,
814 2396 876 2478 την
903 2418 938 2459 τε
966 2399 1034 2459 ΑΕ
1061 2392 1156 2459 καὶνο

96 2506 159 2567 ΕΖ
178 2497 234 2565 καί
250 2501 322 2563 ΖΗ
336 2496 391 2563 καὶ
409 2503 490 2564 ΗΒ·
509 2498 565 2566 καὶ
584 2499 653 2566 ἐπεὶ
671 2501 784 2585 ἡΛΒ,
804 2487 829 2566 δ
843 2501 1000 2586 μονάδων
1022 2495 1116 2586 οὖσα,

98 2611 240 2694 δύναμίς
263 2603 364 2688 ἐστίν,
388 2607 460 2690 ἥτις
483 2605 687 2690 καὶγίνεται
711 2608 775 2674 ἀπὸ
797 2592 896 2692 τοῦδ
920 2604 973 2691 ἐφ’
996 2605 1116 2673 ἑαυτὸν

95 2719 483 2802 πολλαπλασιασθέντος,
513 2722 690 2805 τετμήσθω
717 2717 772 2785 καί
795 2719 816 2804 6
840 2722 908 2784 ΑΓ
932 2720 1008 2803 δίχα
1034 2720 1116 2782 κατά

96 2825 133 2889 τὸ
158 2829 202 2907 Θ,
234 2825 290 2891 ἵνα
314 2826 355 2909 66
378 2824 478 2911 μέρος
506 2826 685 2912 ὁμώνυμον
714 2831 770 2913 ἔχη
798 2834 845 2916 τῷ
872 2834 1026 2891 ποιοῦντι
1053 2826 1116 2908 τὴν

97 2933 244 3017 δύναμιν
277 2932 423 3021 άρωθμρλ·
457 2935 547 2998 ἔσται
580 2928 642 2999 οὖν
675 2932 812 3020 ἑκατέρα
843 2944 910 2999 τῶν
942 2937 1024 3015 ΑΘ,
1054 2935 1156 2997 ΘΓιὸ

97 3040 244 3124 μονάδος
276 3040 429 3105 δυοστόν.
475 3037 530 3105 καὶ
562 3041 723 3125 ἤχθωσαν
756 3041 820 3107 ἀπὸ
852 3051 919 3106 τῶν
946 3045 978 3104 Ε
1005 3036 1060 3105 καὶ
1089 3044 1116 3104 Ζ

99 3143 175 3229 <nal
196 3147 256 3232 H>
280 3150 427 3231 σημείων
449 3147 655 3233 παράλληλοι
677 3155 716 3234 τῇ
740 3151 810 3213 ΑΓ
829 3147 959 3213 εὐθεῖαι
982 3148 1020 3212 αλ
1039 3149 1115 3228 ΕΚ,

98 3256 172 3335 ΖΛ,
196 3257 286 3318 ΗΜ·
309 3253 432 3338 ὁμοίως
455 3252 510 3319 καὶ
533 3253 597 3320 ἀπὸ
621 3264 681 3320 τοῦ
701 3258 730 3319 Θ
750 3259 888 3340 σημείου
907 3255 1117 3340 παράλληλος

96 3367 136 3444 τῇ
159 3363 224 3423 ΑΒ
247 3359 268 3444 6
293 3364 366 3425 ΘΝ
384 3360 509 3426 εὐθεῖα.

170 3594 204 3643 27
224 3593 255 3642 Η
271 3589 335 3644 add.
354 3589 400 3660 X„
475 3593 509 3642 29
529 3590 570 3661 αβ
588 3588 621 3660 X,
641 3609 681 3660 οιμ
700 3586 759 3644 alii.
