2558 3984
185 184 251 250 258
376 185 415 240 IN
433 184 679 242 DIOPHANTUM
699 186 851 242 SCHOLIA
871 187 1023 243 VETERA.

185 350 252 434 γὰρ
277 346 377 435 μέρος
399 356 460 414 τοῦ
483 348 564 414 ὅλου
587 352 716 433 μείζον’
740 344 838 426 οὗτος
858 350 922 435 γὰρ
942 349 960 416 ὁ
978 353 1032 433 ff}
1050 350 1207 437 ἀνεφάνη

185 447 234 534 εἷς
268 467 335 521 τῶν
368 453 404 521 έιι
434 465 502 522 τῶν
530 481 550 544 ρ
581 454 840 542 διαιρεθέντων·
873 456 997 523 οὐκοῦν
1029 459 1094 542 ἄρα
1126 459 1207 524 οὔτε

188 563 326 629 ἀνωθεν
348 562 425 628 οὔτε
451 562 604 629 πατώθεν
630 573 699 628 τῶν
725 564 888 630 τοιούτων
916 563 978 630 δύο
1006 575 1118 650 μερῶν
1143 575 1209 631 τοῦ

188 668 420 754 διαιρεθέντος
445 668 596 755 ἀριθμοῦ
622 670 675 735 δεῖ
699 673 832 736 πίπτειν
854 673 913 736 τὸν
936 671 972 738 έα
1001 679 1060 755 τῆς
1083 671 1207 738 συνθέ-

162 794 284 859 ισεοος,
309 767 392 842 ἀλλὰ
412 777 542 842 τούτων
565 777 709 860 μεταξύ.]

260 885 309 950 10.
337 884 388 947 Ad
402 883 505 967 probl.
523 883 549 968 I,
564 903 600 949 vl
616 881 662 971 (p.
677 885 729 968 22,
740 881 789 971 7):
811 889 878 948 Δεῖ
895 885 936 968 δὴ
959 885 1021 968 τὴν
1041 886 1207 951 δοθεῖσαν

188 990 358 1076 ὑπεροχὴν
384 1000 451 1054 τῶν
479 993 618 1075 μορίαν,
641 987 791 1056 τουτέστι
813 1000 874 1056 τοῦ
900 992 950 1055 δθυ
972 993 1055 1076 πρὸς
1081 993 1120 1056 τὸ
1149 1001 1205 1074 ςθθ,

189 1100 261 1182 ἥτις
290 1098 394 1180 ἐδόθη
422 1107 459 1182 μθ
476 1099 512 1182 fc,
535 1091 622 1164 εἶναι
643 1097 806 1163 ἐλάσσονα
823 1107 885 1163 τοῦ
904 1096 1066 1184 δοθέντος
1084 1097 1208 1185 μέρους

189 1212 252 1270 τοῦ
287 1203 321 1283 ἐξ
358 1202 459 1289 ἀρχῆς
495 1203 658 1282 δοθέντος
690 1204 840 1290 ἀριθμοῦ
871 1213 932 1270 τοῦ
961 1207 998 1289 ρ,
1034 1204 1207 1270 τουτέστιν

152 1334 180 1374 το
193 1311 351 1378 έλάττονα
377 1320 439 1377 τοῦ
462 1314 512 1377 δθθ
534 1313 639 1377 αὐτοῦ
666 1310 805 1397 μέρους·
832 1311 853 1397 ἡ
880 1314 945 1397 γὰρ
968 1312 1115 1397 ὑπεροχὴ
1139 1323 1208 1378 τῶν

191 1421 320 1504 μορίων
342 1428 403 1486 τοῦ
426 1420 475 1485 δθθ
497 1421 581 1505 πρὸς
603 1421 640 1486 τὸ
668 1430 715 1489 ςθθ
738 1419 865 1496 ἐκείνας
888 1422 955 1505 ἔχει
976 1420 1035 1496 τὰς
1057 1419 1209 1503 μονάδας

190 1527 250 1605 τὰς
271 1527 301 1612 εἰ,
325 1526 447 1603 αἵτινες
467 1526 665 1610 ὀφείλουσιν
687 1520 773 1592 εἶναι
797 1525 975 1603 ἐλάσσονες
997 1534 1059 1591 τοῦ
1078 1527 1129 1590 δθθ
1153 1525 1206 1611 μέ-

192 1656 274 1718 ρους
300 1630 382 1719 (τῶν
408 1635 446 1697 ᾗ
474 1631 525 1720 μθ)
553 1643 614 1699 τοῦ
642 1631 675 1711 ἐξ
703 1633 805 1717 ἀρχῆς
836 1632 1027 1717 ληφθέντος
1058 1633 1208 1718 ἀριθμοῦ

193 1742 266 1824 ἦτοι
293 1749 360 1804 τῶν
384 1765 412 1828 ρ.
448 1737 505 1806 καὶ
531 1739 552 1824 ἡ
580 1742 669 1806 αίτία
692 1741 776 1824 δήλη
800 1747 844 1828 τῷ
869 1738 924 1806 καὶ
947 1742 1053 1824 μόνον
1077 1740 1209 1825 ἐπιστή-

154 1869 181 1912 ιι
195 1864 291 1911 σοντι
322 1855 383 1912 τοῦ
413 1844 636 1932 προτεθέντος
666 1848 727 1913 τὸν
758 1848 1041 1931 προσδιορισμόν·
1075 1847 1117 1911 οῦ
1146 1849 1211 1932 γὰρ

193 1956 369 2038 προβαίνει
395 1953 416 2038 ἡ
445 1953 561 2037 δείξις,
589 1961 655 2020 εἴτε
677 1955 759 2040 πρὸς
780 1954 842 2037 τὴν
865 1953 1034 2038 ὑπεροχὴν
1057 1963 1119 2019 τοῦ
1143 1956 1211 2039 μεί-

195 2062 290 2137 ζονος
312 2058 434 2145 μέρους
462 2070 523 2126 τοῦ
549 2058 778 2145 διαιρεθέντος
800 2060 950 2145 ἀριθμοῦ
972 2059 993 2144 ἢ
1017 2065 1073 2143 ίση
1096 2060 1118 2144 ἣ
1143 2065 1212 2146 μεί

196 2169 259 2246 ζων
272 2164 352 2234 ’έστὶ
373 2176 435 2234 τοῦ
455 2168 611 2233 τοιούτου
634 2166 757 2253 μέρους
778 2176 838 2234 τοῦ
867 2166 900 2246 ἐξ
926 2167 1029 2254 ἀρχῆς
1052 2165 1214 2253 ἀριθμοῦ.

264 2276 314 2341 11.
347 2276 398 2340 Ad
421 2277 524 2360 probl.
542 2274 572 2358 I,
585 2293 635 2340 vll
653 2274 856 2362 <p.24,12):
882 2272 1085 2360 Ἀφῃρήσθω
1113 2276 1213 2360 κοινὴ

157 2403 184 2445 νο
198 2385 317 2460 λείαις·
340 2385 467 2465 γίνεται
486 2378 626 2467 ἀριθμοὶ
644 2382 709 2467 ἀρα
729 2385 751 2465 ᾦ
768 2383 876 2459 λείψει
898 2392 935 2467 μθ
953 2383 1000 2448 ’ὄπ
1023 2389 1091 2448 ίσοι
1114 2379 1215 2468 ἀριθ-

197 2495 247 2576 μῷ
272 2486 331 2553 ἑνί.

266 2596 317 2661 12.
350 2596 400 2660 Ad
424 2587 527 2680 probl.
546 2595 576 2680 I,
590 2615 653 2660 vm
674 2594 718 2681 (p.
737 2597 794 2682 26,
813 2594 865 2683 6):
895 2601 1008 2681 Διχῶς
1033 2597 1165 2680 γίνεται
1194 2595 1215 2680 ἡ

198 2701 374 2787 ἀφαίρεσις
395 2702 478 2768 κατολ
498 2725 534 2768 τε
557 2703 689 2788 μονάδα
711 2701 766 2768 καὶ
788 2703 952 2789 ἀριθμόν·
975 2702 1031 2769 καὶ
1049 2704 1114 2789 γὰρ
1132 2705 1215 2789 πρό-

198 2831 297 2896 τερον
324 2808 532 2895 ἀφαιροῦμεν
559 2809 595 2875 έκ
622 2821 690 2875 τῶν
718 2809 873 2896 ἀριθμῶν
900 2821 967 2876 τῶν
995 2830 1016 2889 ν
1043 2807 1098 2875 καὶ
1128 2822 1166 2894 μθ
1180 2794 1216 2894 ξ,

159 2937 186 2978 ει
200 2927 238 3000 μθ
252 2900 285 2998 ξ,
308 2914 362 2982 καὶ
386 2915 423 2981 έκ
444 2925 506 2982 τοῦ
528 2916 677 3002 ἀριθμοῦ
699 2926 760 2983 τοῦ
778 2926 801 2982 οῖ
818 2915 874 2984 καὶ
891 2928 928 3003 μθ
942 2920 981 3003 ρ,
1003 2916 1217 3002 ἀφαιροῦμεν

201 3033 237 3109 μθ
252 3007 283 3102 ξ,
306 3021 478 3088 τουτέστιν
497 3023 560 3090 ἀπὸ
580 3023 706 3108 ὁμοίων
725 3024 841 3109 ὅμοια·
864 3022 919 3090 καὶ
943 3022 1055 3090 λοιποὶ
1074 3021 1216 3111 ἀριθμοὶ

200 3151 222 3210 y
255 3135 321 3194 ίσοι
353 3128 486 3217 ἀριθμῷ
519 3140 542 3196 οἳ
573 3129 629 3196 καὶ
660 3131 782 3217 μονάσι
817 3157 849 3217 μ.
896 3126 965 3197 εἶτα
1003 3131 1060 3197 διδ
1095 3132 1134 3196 τὸ
1172 3131 1216 3216 με)

202 3233 314 3317 εὑρεῖν
336 3235 421 3319 ἡμᾶς
442 3237 504 3321 τὴν
527 3237 712 3303 ὑπόστασιν
735 3247 796 3304 τοῦ
818 3237 977 3323 ἀριθμοῦ,
1006 3237 1217 3323 ἀφαιροῦμεν
1271 3229 1272 3270 1

201 3341 302 3407 πάλιν
326 3340 362 3408 έκ
383 3351 445 3409 τοῦ
467 3344 615 3429 ἀριθμοῦ
637 3353 697 3409 τοῦ
721 3353 742 3409 ο“ι
764 3343 819 3410 καὶ
842 3356 879 3429 μθ
894 3348 935 3431 μ,
959 3346 1018 3410 τὸν
1037 3343 1096 3410 ἕνα
1121 3344 1217 3429 ἀριθ-

201 3483 233 3538 τδ
259 3483 328 3537 αὐτὸ
354 3483 528 3539 συντεθέντα
550 3491 644 3540 ποιεῖν
668 3484 795 3555 μονάδας
813 3471 832 3540 λ
847 3485 895 3540 ναλ
918 3483 1021 3555 μόνον·
1047 3488 1141 3549 καλῶς
1164 3485 1218 3556 ἄρα

203 3569 280 3628 ἔσται
299 3572 330 3627 τὸ
349 3580 398 3627 τοῦ
418 3569 466 3625 αου
483 3571 528 3642 7⁰*
547 3570 579 3642 μο
599 3562 724 3642 λλεῖφις
742 3575 867 3645 ἀριθμοῦ
887 3568 958 3638 ένός.
