2578 3984
196 188 239 252 80
437 185 686 243 PAOHYMERAE
704 184 964 244 PARAPHRASIS.

265 348 395 434 Ἕτεροι
428 347 465 414 66
497 351 557 415 τὸν
589 346 650 433 μὲν
681 349 890 434 τετράγωνον
920 350 1065 433 δύναμίν
1094 367 1218 434 φασιν,
1284 395 1285 398 ¹

196 457 252 521 ἵνα
275 460 345 541 ἔχοι
368 455 422 522 καὶ
446 451 544 532 οὗτος
566 457 656 520 ἴδιον
674 457 790 539 ὄνομα,
813 456 872 520 τὸν
892 451 929 520 66
948 453 1000 520 ἐπὶ
1018 456 1079 521 τὸν
1097 457 1218 537 τετρά-
1284 485 1285 490 “

196 587 307 647 γωνον
321 563 637 647 πολλαπλασιασμὸν
657 562 698 626 οὐ
717 563 861 646 δύναμιν
881 563 925 638 ὡς
944 561 1113 646 ἐλέγομεν,
1128 561 1217 627 ἀλλὰ

197 673 473 756 δυναμοᾶύναμιν
500 668 672 752 λέγουσιν,
700 669 784 733 ὥστε
807 667 826 734 6
849 665 911 752 μὲν
940 669 1096 753 δύναμις,
1126 668 1145 734 6
1176 665 1216 734 δὲ

169 778 485 862 ιύυναμοὸύναμις,
509 775 527 841 6
551 771 589 840 δὲ
611 777 729 859 κύβος,
753 774 771 840 ὁ
795 770 833 839 66
856 775 1107 858 δυναμύκυβος,
1131 773 1150 840 6
1176 773 1216 840 δὲ

195 886 389 968 κυβόκυβος.

257 987 292 1056 Ὁ
322 987 359 1055 66
389 987 494 1074 μηδὲν
524 989 653 1054 τούτων
683 999 751 1054 τῶν
780 987 968 1071 ἰδιωμάτων
995 987 1215 1072 κτησάμενος,

196 1101 281 1182 ἔχων
305 1094 342 1162 66
371 1097 407 1162 ἐν
430 1095 536 1184 ἑαυτῷ
565 1101 695 1179 πλῆθος
722 1095 889 1180 μονάδων,
919 1094 1039 1176 άλογος
1067 1094 1214 1180 ἀριθμὸς

195 1210 351 1269 καλεῖται.

157 1338 182 1377 10
264 1309 389 1392 Ὥσπερ
421 1307 457 1375 66
490 1310 674 1394 ὁμωνύμως
705 1305 761 1372 καὶ
793 1309 1001 1394 παρωνύμως
1033 1306 1070 1373 ἐκ
1101 1317 1163 1374 τοῦ
1192 1310 1215 1391 γ

195 1419 308 1502 τρίτον
331 1417 459 1501 λέγεται
487 1415 542 1482 καὶ
570 1416 606 1482 ἐκ
632 1424 693 1481 τοῦ
717 1399 738 1480 6
759 1413 931 1499 τέταρτον,
960 1415 1047 1480 οὕτω
1074 1412 1131 1480 καλ
1157 1414 1212 1480 ἐπὶ

195 1523 325 1588 τούτων
339 1525 376 1588 αλ
392 1524 589 1608 παρώνυμοι
607 1523 784 1606 ὀνομασίαι
802 1523 927 1606 ἔχουσι,
945 1531 1005 1588 τοῦ
1024 1519 1087 1604 μὲν
1101 1523 1214 1601 ἁπλῶς
1283 1555 1284 1560 ’

196 1630 345 1714 ἀριθμοῦ
367 1631 404 1694 τὸ
428 1629 647 1715 ἀριθμοστόν,
671 1638 729 1713 τῆς
753 1625 789 1693 δὲ
813 1629 986 1713 δυνάμεως
1008 1631 1046 1695 τὸ
1066 1632 1215 1714 δυναμο-

197 1739 287 1820 στόν,
311 1746 371 1802 τοῦ
396 1734 432 1801 δὲ
454 1738 561 1820 κύβου
583 1738 620 1802 τὸ
642 1738 819 1819 κυβοστόν,
843 1745 900 1819 τῆς
919 1733 956 1801 66
977 1737 1214 1820 δυναμοδυνά-

156 1869 180 1908 ιι
195 1867 280 1928 μεως
310 1845 348 1908 τὸ
381 1845 739 1928 δυναμοδυναμοστόν,
777 1852 841 1907 τοῦ
878 1838 915 1907 66
947 1844 1140 1926 κυβοκύβου
1174 1847 1213 1909 τὸ

194 1953 453 2034 κυβοκυβοστύν.

261 2054 361 2122 Ὥστε
384 2056 527 2142 ἀριθμὸς
550 2054 602 2121 ἐπὶ
626 2052 687 2140 μὲν
711 2055 857 2140 ἀριθμὸν
880 2054 1213 2133 πολλαπλασιασθεὶς

196 2175 285 2229 ποιεῖ
306 2165 461 2247 δύναμιν,
484 2163 547 2229 κάν
571 2163 671 2239 αὐτὸς
698 2160 751 2247 ἐφ’
770 2161 900 2247 ἑαυτόν,
923 2161 986 2228 κάν
1010 2160 1064 2247 ἐφ’
1081 2163 1213 2250 ἕτερον·

196 2268 268 2354 τρῖς
290 2271 353 2356 γάρ
372 2281 404 2355 γ,
418 2257 455 2355 6,
478 2269 533 2336 καὶ
557 2267 628 2357 τρὶς
648 2255 679 2354 6,
694 2255 744 2353 ιβ·
768 2269 911 2356 ἀριθμὸς
934 2271 997 2355 γάρ
1021 2269 1133 2347 ἁπλῶς
1156 2271 1174 2337 6
1193 2275 1216 2352 γ

158 2403 183 2442 εο
197 2374 251 2442 καλ
279 2374 328 2442 ἐπ’
352 2373 501 2464 ἅριθμὸν
528 2375 846 2454 πολλαπλασιάζεται
874 2374 894 2459 ἢ
922 2376 1026 2459 τὸνγ
1053 2376 1074 2461 ἢ
1100 2379 1160 2443 τὸν
1182 2362 1214 2443 6.

198 2485 299 2549 πάλιν
332 2483 475 2569 ἀριθμὸς
507 2482 561 2549 ἐπὶ
593 2484 738 2567 δύναμιν
770 2481 1097 2560 πολλαπλασιασθεὶς
1126 2497 1216 2550 ποιεῖ

195 2593 313 2675 κύβον·
343 2592 360 2657 6
390 2577 411 2656 6
440 2592 503 2675 γάρ
532 2587 585 2655 ἐπὶ
612 2591 672 2655 τὸν
699 2594 733 2658 ῖς
760 2591 820 2654 τὸν
851 2589 1062 2674 τετράγωνον
1089 2596 1213 2656 πολλα-

196 2695 414 2775 πλασιασθεὶς
441 2697 486 2774 ώς
512 2697 639 2781 πλευρὰ
665 2706 726 2762 τοῦ
759 2697 969 2781 τετραγώνου
1002 2699 1053 2781 ι’ς,
1084 2700 1144 2763 τὸν
1174 2683 1215 2777 ξύ

196 2816 287 2870 ποιεῖ
311 2806 426 2888 κύβον.
461 2803 562 2869 πάλιν
590 2803 733 2890 ἀριθμὸς
758 2801 812 2868 ἐπὶ
838 2804 944 2886 κύβον
967 2807 1213 2870 πολλαπλασια-

159 2932 186 2972 25
200 2909 294 2987 σθελς
321 2911 597 2995 δυναμούύναμιν
621 2910 846 2994 ἀπεργάζεται·
876 2907 1033 2994 ἐλέγομεν
1060 2913 1125 2996 γάρ
1155 2913 1215 2977 τὸν

198 3026 259 3082 τοῦ
281 3019 491 3102 τετραγώνου
510 3014 562 3102 ἐφ’
580 3015 701 3082 ἑαυτὸν
722 3019 1041 3102 πολλαπλασιασμὸν
1065 3019 1213 3103 δυναμο-

200 3124 354 3208 ὃύναμιν,
383 3123 428 3202 ώς
454 3126 513 3190 τὸν
537 3128 570 3194 ῖς
597 3123 660 3189 ἀπὸ
684 3133 745 3189 τοῦ
768 3127 1086 3210 πολλαπλασιασμοῦ
1108 3134 1170 3191 τοῦ
1194 3111 1215 3190 6

200 3229 253 3316 ἐφ’
270 3229 389 3296 ἑαυτὸν
407 3233 629 3316 τετραγώνου·
652 3239 773 3296 τοῦτον
791 3231 850 3296 τὸν
868 3233 904 3298 ιζ·
921 3229 976 3297 καὶ
996 3231 1141 3318 ἀριθμὸς
1161 3229 1214 3298 ἐπὶ
1278 3285 1279 3322 ρ

202 3494 561 3622 817ρρ.οἲ.1,6,2-4.
641 3494 957 3566 10sq.0f.1,6,9-19.
1038 3494 1215 3566 17sq.cf.1,

220 3611 227 3637 ‚
259 3600 289 3608 —
330 3611 335 3622 .
