2570 3988
317 227 552 283 DIOPHANTUS
571 211 947 283 Ρεευοεειοεεεεοεῖ·
1092 227 1131 290 11

93 395 315 479 Ιπλασιασμςθ
337 389 517 475 τέτακται,Ι
533 389 596 455 πάν
620 391 702 474 δοκῇ
730 389 889 468 ἐναντίως
918 391 1005 478 αὐτῷ
1035 393 1133 475 ἔχειν,

115 497 168 562 ὅτι
193 496 210 562 6
230 494 292 580 μὲν
316 498 485 580 σύνθεσις,
510 491 607 573 οὗτος
625 493 663 562 δὲ
684 497 845 582 διαίρεσίς
868 497 950 562 έστι·
980 495 1072 576 τάξιν
1097 495 1134 563 δὲ

114 602 237 690 ὁμοίαν
265 605 400 688 ἔχουσιν
428 604 493 684 ὅτι,
526 603 636 687 ὥσπερ
669 602 795 680 ἐκεῖνος
823 603 930 680 ἰσάκις
957 602 1133 687 συνετέθη,

114 709 223 786 οὕτως
246 708 301 775 καὶ
325 705 423 786 οὗτος
442 710 547 786 ἰσάκις
566 712 735 795 μερίζεται.
774 709 791 775 6
810 711 874 795 γάρ
893 713 1033 793 μερίζων
1051 713 1134 779 κατά

115 816 233 899 ἕτερον
254 817 404 902 ’ἀριθμὸν
427 817 548 902 μερίζει
572 813 730 881 δοθέντα·
753 826 852 882 τοῦτο
875 817 939 901 γάρ
958 811 1055 893 ’τέλος
1072 827 1133 883 τοῦ
1160 835 1190 877 τ’

113 933 301 1008 μερισμοῦ,
325 925 362 989 τὸ
386 923 498 1008 εὑρεῖν
522 923 668 1008 ἀριθμόν
695 947 770 987 τινα
794 921 830 1000 ὃς
853 926 1134 1002 πολλαπλασιαζό-

115 1053 218 1114 μενος
249 1032 324 1114 ἢτοι
356 1029 595 1114 συντιθέμενος
622 1027 676 1094 ἐπὶ
702 1019 761 1094 τὸν
789 1027 865 1112 παρ’
898 1029 938 1095 ὃν
965 1029 1132 1113 νίνεταιὸ

113 1139 285 1221 μερισμός,
308 1139 439 1218 ποιησει
462 1137 499 1201 τὸ
522 1145 583 1200 τοῦ
606 1135 822 1220 μεριζομένου
845 1141 983 1220 πλῆθος,

184 1246 344 1308 Καλεῑται
359 1239 397 1307 δὲ
410 1243 499 1328 παρὰ
512 1233 797 1326 τοίςγεωμέτραις
810 1243 981 1327 παραβολὴ
995 1246 1135 1329 χωρίου·

73 1397 78 1410 .
114 1351 241 1433 τὸγὰρ
266 1345 371 1414 δοθὲν
394 1352 519 1433 χωρίον
537 1347 791 1433 παραβάλλεται,
817 1339 901 1432 οἷον,
921 1351 957 1414 εί
973 1351 1080 1436 τύχοι,
1097 1351 1134 1415 τὸ
1150 1370 1176 1410 10

115 1467 185 1522 τῶν
208 1461 228 1536 ρ
248 1467 285 1540 μθ
308 1456 398 1540 παρά
416 1479 502 1538 τινα,
526 1455 661 1521 ὑπόθου
678 1455 773 1519 τὸνε
793 1453 950 1540 ἀριθμόν,
973 1453 1029 1520 καὶ
1047 1459 1137 1520 ποίεί

114 1566 176 1630 τὸν
199 1569 220 1628 τί
243 1562 391 1648 ἀριθμὸν
413 1562 535 1638 πλάτος
562 1547 741 1644 γινόμενον
768 1571 829 1627 τοῦ
857 1565 996 1646 χωρίον’
1026 1559 1069 1646 ην
1098 1559 1150 1628 66¹
1221 1609 1225 1621 .

116 1670 135 1736 6
164 1673 185 1736 ἷι
213 1669 521 1753 ὁέπιζητούμενος·
550 1651 590 1744 ὅς’
617 1666 673 1733 καὶ
706 1667 841 1758 εὕρηται
872 1670 951 1752 ἤδη·
984 1671 1040 1735 διὰ
1071 1671 1135 1753 γάρ

114 1777 239 1843 τούτου
264 1775 281 1840 ὁ
305 1777 463 1861 μερισμὸς
484 1775 653 1851 παντελῶς
676 1773 868 1860 άνεφάνθη·
899 1786 998 1842 τοῦτο
1028 1774 1065 1843 δὲ
1092 1773 1136 1860 ην

116 1886 155 1950 τὸ
180 1886 363 1968 λεγόμενον
386 1883 437 1947 ὅτι
465 1878 568 1947 οὐδὲν
595 1881 709 1967 ἔτερόν
737 1881 871 1974 ἔστιτὸ
899 1885 1031 1968 μερίσαι
1054 1882 1074 1967 ἣ
1098 1884 1135 1948 τὸ
1151 1904 1177 1945 15

115 1992 230 2075 εὑρεῖν
261 2013 337 2055 τινα
370 1989 518 2074 ἀριθμὸν
549 1988 586 2065 ὃς
613 1986 787 2066 συντεθεὶς
819 1986 873 2054 ἐπὶ
899 1989 959 2054 τὸν
986 1986 1065 2076 παρ’
1096 1990 1137 2056 ὃν

116 2101 247 2180 γίνεται
274 2096 292 2161 6
317 2098 490 2182 μερισμός,
524 2087 597 2160 οἷον
625 2095 642 2160 ὁ
667 2095 687 2161 ἷι
711 2094 748 2171 ὃς
771 2094 921 2180 εὕρηται,
954 2094 1008 2162 ἐπὶ
1034 2097 1094 2161 τὸν
1120 2089 1138 2161 ε

116 2213 254 2288 ποιησαι
286 2203 412 2288 ὀφείλει
443 2205 481 2268 τὸ
513 2212 574 2268 τοῦ
606 2199 822 2286 μεριζομένου
851 2207 997 2286 πλῆθος·
1030 2203 1048 2269 ὃ
1082 2201 1137 2268 καὶ
1231 2273 1237 2284 ,

87 2337 90 2345 ’
118 2315 222 2376 ἔστιν·
257 2309 274 2374 ὁ
303 2311 368 2394 γάρ
401 2309 572 2394 εἰρημένος
602 2309 737 2393 λπαρά
768 2310 828 2375 τὸν
856 2319 874 2374 ἓ
900 2321 992 2375 ποιεῖ
1020 2312 1079 2376 τὸν
1106 2314 1136 2396 ρ.

118 2419 203 2482 ὥστε
227 2417 281 2480 δεῖ
302 2415 473 2500 ἐπιστῆσαι
492 2417 542 2481 ὅτι
561 2415 579 2481 6
599 2415 729 2499 μέλλων
749 2419 892 2499 μερίζειν
909 2439 952 2498 τι,
974 2405 1138 2502 πρότερον
1152 2440 1178 2478 εο

118 2521 299 2608 ἀποβλέπει
327 2525 374 2600 είς
400 2525 447 2588 τὸΙ
466 2523 573 2606 βάθος
599 2532 657 2606 τῆς
683 2520 844 2605 γενέσεως
871 2533 932 2588 τοῦ
959 2523 1138 2606 μέλλοντος

119 2633 325 2715 μερίζεσθαι·
357 2624 411 2712 ἦν·
429 2630 493 2712 γάρ
522 2628 540 2695 6
568 2627 859 2705 πολλαπλασιάσας
886 2629 945 2693 τὸν
975 2627 1138 2712 μέλλοντα

119 2740 313 2823 μερίζεσθαι
339 2737 360 2820 ἡ
383 2734 512 2819 γένεσις
541 2735 656 2800 αὐτοῦ·
688 2736 763 2800 ἰδοὺ
790 2737 854 2821 γάρ
883 2735 934 2799 ὅτι
962 2733 1017 2800 καὶ
1041 2736 1058 2802 6
1083 2760 1138 2821 με·

16 2915 21 2924 ,
78 2878 81 2885 ·
120 2845 239 2928 ρισμὸς
270 2841 409 2927 γέγονεν
437 2842 518 2927 ἡμῖν
547 2841 627 2926 <έκ>
658 2851 718 2926 τῆς
747 2844 892 2928 θεωρίας
923 2851 983 2907 τοῦ
1016 2847 1137 2908 πολλα-

119 2951 358 3029 πλασιάζοντος
380 2950 439 3014 τὸν
463 2951 651 3034 μερίζονται
1152 2971 1178 3011 25
1226 2985 1230 2992 ·

187 3061 314 3141 Σαφῶς
336 3056 465 3121 τούτων
486 3054 688 3140 εἰρημένων,
719 3061 861 3140 είπωμεν
884 3057 920 3120 τί
938 3078 974 3120 τε
996 3055 1085 3142 παρά
1106 3081 1139 3122 τι

120 3165 337 3248 μεριζόμενον
355 3174 447 3228 ποιεί
462 3165 504 3244 τί,
530 3163 634 3244 δήλου
654 3163 751 3239 ὄντος
768 3171 828 3228 τοῦ
847 3162 898 3228 ὅτι
916 3173 1029 3249 μοῖραι
1050 3165 1139 3248 παρὰ

194 3397 208 3444 1
230 3387 377 3452 ἐναντίους
394 3389 426 3445 Β.
464 3387 571 3444 4οίτοι
589 3388 622 3444 A.
668 3389 751 3443 ’ίτὸν
769 3386 838 3458 παρ’
860 3387 905 3460 ὃν]
926 3389 956 3443 τὸ
975 3390 1068 3460 παρὸν
1082 3390 1139 3445 AB.

158 3460 387 3534 10,παραβάλλοι
405 3462 443 3530 Α,
469 3459 661 3532 παραβάλλειλ
680 3460 710 3515 Β.
762 3458 789 3514 εί
805 3471 859 3514 om.
879 3461 911 3514 A.
987 3466 1019 3516 16
1038 3461 1088 3517 τὸν
1106 3461 1139 3528 A,

120 3535 152 3590 τὸ
172 3535 203 3588 Β.
260 3539 292 3588 17
313 3530 444 3602 μερισμός
462 3532 494 3600 Β,
513 3529 636 3601 ἀριθμός
652 3530 685 3586 A.
741 3537 774 3584 22
793 3532 1094 3601 πολλαπλασιασασμὸς
1107 3531 1140 3585 Α.

160 3612 194 3660 24
213 3600 245 3660 ἔκ
265 3601 372 3659 addidi.
434 3608 539 3658 24-25
558 3601 759 3668 πλαυιάζοντος
777 3602 834 3658 ΑΒ.
895 3608 929 3657 26
948 3605 1064 3673 είπομεν
1083 3604 1140 3657 ΑΒ.

1166 3701 1223 3712 ,-
