2570 3988
501 250 771 302 PROLEGOMENA
1107 250 1145 305 IX

134 412 223 477 haud
246 411 327 476 levis
351 433 421 475 esse
444 411 601 477 momenti
623 412 783 495 iudicans,
812 412 876 476 alia
899 411 1043 477 subsidia
1065 412 1146 477 mihi

136 519 178 584 ad
211 518 384 584 editionem
416 519 560 603 paranda
590 518 666 583 duxi
693 523 726 582 et
752 518 788 582 in
815 516 968 583 Bandinii
997 520 1145 605 catalogo

136 625 279 690 eiusdem
307 625 462 709 epistolae
485 624 648 690 mentione
671 628 801 709 reperta
824 630 861 689 ut
883 625 1070 690 Florentiae
1094 626 1147 690 ad-

136 728 326 819 servatae¹)‚
339 731 562 816 apographum
573 731 715 818 poposci,
727 731 811 816 quod
822 731 902 797 mihi
911 732 1146 797 humanissime

135 839 228 905 misit
242 841 284 904 ab
300 839 403 904 amico
419 860 491 904 meo
506 839 546 903 Η.
561 837 681 903 Omont
694 862 722 903 v.
738 839 776 906 cl.
790 843 925 924 rogatus
940 839 1146 904 doctissimus

134 947 415 1031 peritissimusque
443 944 572 1030 Vitelli,
604 947 654 1010 cui
682 945 839 1010 maximas
868 946 992 1029 gratias
1022 950 1055 1010 et
1083 968 1146 1032 ago

136 1057 169 1119 et
191 1053 306 1118 habeo.

204 1160 286 1237 Quid
325 1160 364 1225 ad
402 1159 666 1224 mathematicam
703 1159 873 1223 historiam
911 1160 1051 1244 epistola
1087 1160 1146 1225 illa

137 1267 291 1350 conferat,
310 1266 391 1331 satis
406 1267 612 1351 perspicuum
627 1264 698 1350 erit,
717 1267 772 1331 sed
786 1288 889 1350 pauca
904 1266 1013 1332 forsan
1030 1266 1147 1332 nihilo-

136 1375 244 1439 minus
264 1373 423 1438 monenda
443 1377 527 1438 sunt.
553 1371 614 1448 Qui
627 1372 771 1438 Psellurn
790 1372 919 1437 noverit
938 1375 989 1438 vel
1009 1374 1148 1458 exempli

136 1482 244 1566 gratia
272 1503 344 1546 eum
368 1480 486 1545 viderit
508 1477 606 1564 (infra
630 1503 683 1564 pp.
707 1480 763 1563 39,
793 1480 937 1565 16-41,
964 1479 1021 1566 20)
1045 1479 1148 1545 Hero·

135 1588 250 1653 nianas
283 1588 452 1652 Mensurae
484 1588 581 1651 tacite
618 1586 846 1671 compilavisse
881 1587 1146 1672 gravissimisque

136 1694 272 1780 mendis,
295 1694 411 1779 quibus
434 1695 533 1758 etiam
552 1693 689 1758 Parisiui
712 1693 836 1759 codices
856 1690 1025 1781 scatent²),
1049 1693 1148 1758 haudn

136 1824 299 1887 quaquam
319 1801 476 1866 offensum
495 1801 605 1884 fuisse,
626 1800 735 1865 nullus
755 1800 918 1865 dubitabit
938 1801 1046 1865 omnia
1066 1822 1147 1885 quae

136 1909 174 1974 dc
198 1907 385 1992 Diophanto
410 1906 564 1972 Anatolio
588 1907 855 1992 Aegyptiacaque
885 1911 956 1971 arte
985 1907 1147 1991 analytica

134 2016 229 2081 initio
263 2014 420 2100 epistolae
451 2014 638 2096 traduntur,
671 2037 687 2078 e
715 2012 922 2099 Diophanteo
956 2013 1065 2079 codice
1095 2014 1147 2078 de-

135 2126 288 2207 prompta
310 2121 411 2187 fuisse
434 2121 469 2185 in
492 2143 555 2205 quo
580 2121 659 2185 satis
683 2121 811 2205 amplus
835 2126 868 2185 et
891 2121 1044 2204 antiquus
1071 2141 1147 2185 sane

137 2229 387 2294 commentarius
407 2228 635 2312 reperiebatur.
666 2227 761 2293 Hunc
781 2227 915 2292 cundem
934 2226 1034 2292 fuisse
1053 2249 1147 2312 quem

135 2336 280 2422 Hypatia
303 2339 538 2419 composuerat,
561 2335 689 2399 credere
712 2335 762 2399 fas
786 2333 866 2399 mihi
891 2336 943 2398 sit.

203 2440 368 2525 (letarum,
397 2445 432 2506 ut
461 2441 524 2506 alia
550 2445 712 2525 omittam,
740 2441 933 2526 gravissimo
956 2441 1146 2506 testimonio

137 2549 298 2634 detegitur
326 2548 417 2634 origo
445 2570 563 2632 pravae
589 2549 738 2613 lectionis
761 2549 883 2631 ἄλογος
906 2570 966 2631 pro
990 2547 1148 2629 ἀόριστον

136 2656 169 2719 in
202 2659 293 2719 textu
326 2655 505 2739 Diophanti
538 2655 615 2740 (vol.
639 2655 668 2733 l,
697 2656 730 2738 6,
757 2656 793 2734 43
827 2655 866 2719 cf.
889 2653 936 2736 Π,
963 2655 1015 2733 37,
1046 2656 1087 2718 12
1115 2658 1148 2719 et

137 2761 189 2843 38,
208 2761 228 2824 2
244 2758 318 2848 cet.)
355 2761 426 2826 Vox
451 2764 581 2845 ἄλογος,
605 2783 643 2825 ex
667 2762 909 2825 nomenclatura
927 2761 1146 2845 potentiarum

137 2866 312 2932 secundum
341 2866 530 2933 Anatolium
562 2869 597 2932 in
628 2868 774 2952 margine
803 2868 935 2951 scripta,
968 2867 1007 2930 ad
1035 2889 1146 2932 vocem

137 2976 370 3058 δυναμόκυβος
385 2973 424 3059 (Ι,
442 2976 471 3057 4,
490 2972 547 3062 23)
566 2975 779 3057 referebatur3
799 2975 889 3039 illam
903 2973 976 3039 voci
990 2972 1147 3056 ἀόριστον

139 3081 400 3147 substituendam
431 3103 500 3145 esse
529 3081 665 3146 credidit
692 3081 843 3146 librarius
871 3081 927 3145 ille
956 3081 1010 3166 qui
1038 3103 1148 3146 recen-

135 3188 254 3252 tiorum
280 3187 427 3253 codicum
452 3187 663 3271 archetypum
688 3188 870 3272 descripsit,
894 3210 975 3272 quae
999 3187 1145 3253 confusio

208 3455 234 3522 1)
253 3451 347 3506 Etiam
375 3469 447 3507 saec.
472 3451 536 3506 XIV
564 3451 651 3506 codex
679 3451 883 3506 Laurentianus
907 3451 1008 3519 LVIII,
1037 3456 1071 3504 29
1099 3451 1147 3504 ad-

135 3540 271 3611 signatur.

208 3633 234 3700 2)
253 3629 291 3684 Ut
309 3646 461 3700 agnoscere
479 3630 547 3685 licet
565 3629 669 3685 collato
687 3629 831 3685 Hultschii
849 3628 946 3684 critico
966 3630 1114 3699 apparatu.
