2578 3984
365 213 519 270 SOHOLIA
537 213 578 268 IN
595 213 844 270 DIOPHANTUM.
1055 215 1120 279 135

164 375 335 455 Ὡσαύτως
357 374 412 442 καὶ
436 379 647 462 δυναμοστὸν
671 376 723 443 ἐπὶ
744 378 955 462 δνναμοστὸν
975 380 1120 464 δυναμο-

103 487 316 570 δυναμοστὸν
338 496 438 550 ποιεί·
462 482 612 550 τουτέστι
634 487 672 551 τὸ
696 491 749 549 θθ*
772 480 822 550 ἐπ’
843 491 907 568 ³⁰⁹,
931 495 1003 550 ιταον
1021 497 1120 569 τοιελ,

102 594 177 675 ἦτοι
195 601 256 658 τοῦ
275 598 331 657 θον
350 594 408 676 <τὸ
427 595 501 677 W>
520 587 592 657 ταδ’
611 590 692 657 ἐστι·
715 589 770 657 καὶ
793 593 858 676 γδιρ
881 589 936 656 καὶ
955 578 991 677 θ,
1011 591 1064 658 ἐπὶ
1083 579 1121 677 θ,

101 702 147 765 ιἰᾶ
171 698 276 765 ἐποίει
300 700 585 784 δυναμοδύναμιν.

160 805 268 872 Ἔστω
289 803 326 871 δὲ
345 803 399 870 καὶ
419 804 472 872 ἐπὶ
491 806 737 890 διαγράμματος
757 806 869 889 δῆλον.
895 804 1121 872 ἐκκείσθωσαν
1149 829 1163 869 τ

103 915 167 978 δύο
191 913 322 978 εὐθεῖαι
344 914 428 999 πρὸς
451 913 556 999 ὀρθάς
579 912 736 997 ἀλλήλαις
759 913 797 976 αί
812 916 878 977 ΑΒ
896 911 952 978 καλ
970 916 1045 997 ΑΓ,
1066 913 1122 978 καὶ

103 1023 187 1086 ἔστω
211 1019 347 1106 ἑκατέρα
375 1020 486 1085 αὐτῶν
513 1018 658 1105 μονάδος
686 1028 771 1104 μιᾶς,
797 1048 813 1076 α
904 1049 914 1076 ε
996 1032 1009 1084 ζ

101 1125 159 1193 ιιαλ
182 1127 430 1211 ἀναγεγράφθω
450 1124 504 1191 ἀπ’
527 1126 638 1190 αὐτῶν
660 1126 772 1210 τετρά-

101 1258 215 1319 γωνον
227 1257 265 1298 το
280 1236 427 1317 ΑΒΓΔ
442 1231 497 1298 καὶ
510 1235 602 1299 ἔσται
616 1233 771 1317 μοναδος
795 1262 809 1303 η
816 1265 1164 1405 -ὛΓ--μ

102 1339 159 1406 καλ
179 1339 391 1532 διῃρήσθωέ
374 1339 510 1422 εκατέρα
527 1350 595 1406 τῶν
614 1344 687 1424 ΑΒ,
705 1346 737 1405 Α
743 1343 775 1405 Γ

102 1451 190 1526 ε’ίς
173 1475 194 1534 γ
217 1448 365 1534 τρίταὴ
390 1444 451 1532 μέν
474 1449 594 1513 ΑΒί
563 1473 609 1525 ες
631 1448 672 1512 τά
694 1453 770 1531 ΑΕ,
790 1455 1091 1496 &m

101 1560 176 1639 ΕΖ,
197 1559 258 1619 τε
260 1550 366 1639 ,ρει
385 1556 670 1638 ΑΓιιςιοΑΗ,
689 1558 770 1638 Ηο
904 1518 907 1652 1
998 1471 1111 1702 ‘fig

1 1671 2 1674 ’
104 1665 181 1727 ΘΓ·
209 1660 264 1727 καὶ
288 1663 449 1746 ἤχθωσαν
477 1660 540 1726 άιιδ
567 1672 635 1726 τῶν
658 1667 690 1726 Ε
715 1649 810 1727 καδγ

104 1773 132 1833 Ζ
155 1772 302 1853 σημειων
330 1768 535 1853 παράλληλοι
561 1777 601 1854 τγγ
630 1772 699 1834 ΑΓ
722 1769 818 1834 ευθε
805 1781 852 1835 αι
878 1769 916 1834 αί
939 1773 1021 1856 ΕΚ,
1045 1774 1123 1835 ΖΛ·

102 1877 227 1962 ὁμοίως
249 1872 345 1941 καλ’
328 1877 392 1940 απὸ
414 1886 483 1940 τῶν
506 1879 546 1940 Η
563 1874 619 1941 καὶ
638 1880 667 1940 Θ
686 1879 830 1960 σημείων
853 1877 1060 1961 παράλληλοι
1082 1886 1122 1962 τῇ
1138 1899 1163 1941 ιι

101 1987 169 2048 ΑΒ
203 1983 240 2047 αί
266 1985 359 2064 ΗΜ,
393 1985 478 2046 ΘΝ·
510 1980 565 2048 καὶ
597 1980 770 2067 τεμνέσθω
802 1983 822 2067 ἡ
852 1986 921 2047 ΕΚ
950 1985 1012 2068 τὴν
1043 1985 1128 2049 HM

101 2090 246 2157 κατὰτὸ
270 2089 305 2163 Ξ.

168 2192 256 2261 Ἐπεὶ
284 2200 402 2261 τοίνυν
430 2196 450 2280 ἡ
479 2200 545 2260 ΑΒ
573 2197 677 2280 μονάς
705 2198 753 2273 είς
778 2205 801 2280 γ
829 2198 924 2280 τρίτα
957 2194 1122 2283 διῄρηται,

102 2303 245 2370 ἕκαστον
268 2303 333 2388 άρα
352 2313 419 2368 τῶν
437 2306 516 2385 ΑΚ,
536 2307 612 2384 ΚΖ,
633 2308 699 2367 ΖΔ
722 2305 834 2385 τρίτον
853 2304 1000 2388 μονάδος
1018 2306 1122 2370 ἔσται’,

103 2414 187 2479 ὅλον
214 2413 277 2496 γδιρ
309 2413 346 2475 τὸ
379 2412 517 2476 ΑΒΓΔ
548 2409 757 2494 τετράγωνον
789 2409 935 2494 μονάδος
966 2419 1042 2494 μιᾶς
1071 2406 1122 2493 ἦν.
1137 2434 1164 2474 το

103 2517 175 2585 ἀλλ’
209 2515 348 2582 ἕκαστον
379 2517 509 2581 τούτων
540 2515 642 2581 πάλιν
674 2516 739 2580 ὑπὸ
770 2527 838 2581 τῶν
865 2519 949 2581 ΗΜ
971 2514 1026 2581 καὶ
1055 2520 1128 2580 ΘΝ
1233 2605 1236 2608 ¹

104 2626 249 2692 εὐθειῶν
274 2626 320 2701 είς
340 2625 363 2707 γ
385 2625 480 2706 τρίτα
504 2619 669 2707 διῄρηται·
698 2624 790 2687 ἔσται
818 2615 880 2687 οὖν
908 2620 963 2686 ιιαλ
990 2623 1028 2687 τὸ
1052 2627 1126 2688 ΑΚ

103 2735 153 2811 εἰς
169 2737 193 2815 γ
210 2733 303 2818 τρίτα
323 2727 534 2816 διῃρημένον.
567 2723 609 2812 ἣν
625 2725 662 2793 δὲ
676 2727 729 2794 καὶ
745 2729 826 2793 ὅλον
842 2729 879 2794 τὸ
894 2735 926 2793 Α
932 2731 966 2793 Κ
977 2730 1124 2813 μονάδος

104 2842 233 2925 τρίτον·
263 2840 300 2904 τὸ
324 2836 391 2911 ΑΞ
411 2837 476 2921 άρα
505 2837 596 2901 ἔσται
623 2839 737 2922 τρίτον
763 2837 893 2919 τρίτον,
924 2836 1004 2920 ὅπερ
1033 2835 1124 2901 έστλν

105 2949 239 3012 ἔνατον·
276 2941 331 3010 καὶ
369 2941 533 3009 δέδεικται
570 2941 658 3020 ὅπως
678 2943 727 3022 Ιτὸ
761 2941 968 3026 ἀριθμοστὸν
1001 2940 1053 3007 έιιλ
1085 2945 1123 3008 τὸ
1137 2965 1164 3006 ιο

104 3053 329 3139 άριθμοστόν,
361 3049 511 3117 τουτέστι
532 3051 570 3115 τὸ
595 3054 663 3115 ΑΕ
688 3047 741 3114 ἐπὶ
764 3049 802 3113 τὸ
826 3051 912 3130 ΑΗ,
944 3050 981 3113 τὸ
1009 3053 1123 3135 τρίτον
1246 3077 1252 3102 ι

105 3158 160 3226 έπλ
182 3161 220 3225 τὸ
243 3160 368 3243 τρίτον,
392 3158 603 3241 δυναμοστδν
627 3156 760 3239 ἐποίησε
778 3155 815 3221 τὸ
836 3156 902 3229 ΑΞ
917 3155 1064 3240 μονάδος
1083 3157 1123 3221 δν

105 3269 240 3332 ένατον·
258 3266 374 3351 τὸγὰρ
390 3266 527 3330 ΑΒΓΔ
546 3262 626 3329 ὅλον
644 3262 863 3346 τετράγωνον,
883 3263 1030 3348 μονάδος
1047 3273 1124 3347 μιᾶς

105 3375 158 3457 ὅν,
182 3373 344 3438 τοιούτων
368 3368 458 3436 ἐστὶν
481 3367 579 3435 ἐννέα
603 3369 684 3434 οίων
707 3367 776 3435 ἐστὶ
798 3370 837 3434 τὸ
860 3369 927 3444 ΑΞ
948 3367 1031 3446 ἑνός.

179 3606 195 3653 2
215 3599 246 3654 τὸ
266 3597 384 3655 ἔννατον
404 3599 469 3654 add.
487 3599 535 3670 Χ,.
