2568 3980
380 147 535 203 SCHOLIA
553 147 593 200 IN
611 144 861 201 DIOPHANTUM.
1068 145 1132 208 177

17 269 18 314 1
117 309 136 375 6
160 308 196 374 έκ
218 318 276 393 τής
298 308 490 386 συνθέσεως
508 310 643 374 πάντων
661 308 727 388 ἕξει
746 307 925 392 ὁμώνυμον
944 306 1044 392 μέρος
1062 319 1133 385 τοῖς

116 415 285 500 ἀριθμοῖς,
309 413 496 504 (τουτέστιν
520 418 551 481 εί
573 412 634 499 μὲν
660 418 682 499 6
710 410 796 498 ήσαν
825 415 860 479 06
885 414 1038 499 ἀριθμοί,
1066 426 1130 498 6⁰⁹·

115 523 147 586 εί
168 518 206 588 66
230 508 266 605 6,
291 523 350 586 6⁰²·
373 521 429 588 καὶ
447 521 591 608 ἐφεξῆς),
615 519 726 586 καὶτὸ
749 521 849 607 μέρος
868 520 975 587 έκεῖνο
994 521 1012 587 6
1031 521 1131 606 μέσος

116 632 208 694 ἔσται
229 639 298 693 τῶν
322 629 495 713 ἀριθμῶν·
524 621 598 694 οἷον
621 627 848 693 ἐκκείσθωσαν
870 626 967 693 πέντε
990 626 1131 713 ἀριθμοὶ

113 735 132 800 6
156 721 193 820 6,
219 721 254 818 6,
277 737 313 818 ξ,
335 744 373 819 6,
395 738 427 797 ῖ·
456 730 550 801 οὗτοι
573 733 809 818 συντιθέμενοι
835 733 955 811 πάντες
977 737 1129 816 γινονται
1156 758 1170 797 5

112 827 151 906 λ·
176 783 254 907 ἐπεί
271 838 348 907 θέε
365 837 452 925 ήσαν
476 841 626 927 ἀριθμοί,
648 841 757 921 62st
736 865 800 925 αρα
823 841 842 905 6
863 826 952 906 λεο
953 839 1040 925 ,καὶ
1064 845 1130 926 ἔχει

111 950 220 1014 τὸν
201 967 238 1017 ς·
271 948 289 1014 6
318 944 403 1014 66
383 965 403 1016 ς
431 949 449 1014 6
478 947 578 1033 μέσος
605 946 674 1013 έστὶ
702 960 769 1014 τῶν
792 973 807 1013 ε
831 890 1007 1034 ἀριθμῶν·
1042 948 1129 1014 οὕτω

112 1056 176 1138 γάρ
205 1053 324 1121 καὶί
289 1057 324 1121 06
349 1056 411 1121 660
445 1054 586 1140 ἀριθμοὶ
618 1054 871 1139 συντιθέμενοι,
903 1053 992 1131 ὡς’
975 1054 1128 1142 ανωτέρω

111 1160 294 1248 δέδεικται,
318 1162 335 1227 6
360 1148 382 1227 6
403 1161 458 1228 καί
482 1165 501 1229 6
524 1166 552 1245 ῐ,
578 1162 634 1228 καὶ
651 1171 826 1239 ποιοῦντες
847 1163 907 1227 τὸν
924 1147 975 1244 6,
1000 1162 1130 1247 ὁμώνυ-

111 1292 177 1353 μον
206 1267 307 1353 μέρος
335 1264 426 1353 εἶχον
453 1278 498 1356 τῷ
527 1271 651 1353 πλήθει
682 1280 750 1334 τῶν
777 1268 946 1353 ἀριθμῶν,
978 1268 1128 1335 τουτέστι
1143 1293 1169 1333 10

112 1376 272 1459 θυοστόν,
300 1377 339 1440 τά
364 1381 397 1454 ζ·
425 1375 443 1441 6
468 1373 506 1441 66
530 1361 647 1460 ξήνὸ
671 1375 792 1460 μεταξὺ
819 1386 886 1441 τῶν
911 1377 988 1458 660,
1017 1379 1048 1441 εί
1073 1374 1128 1442 καὶ

110 1483 207 1565 μήτω
232 1481 269 1547 έν
288 1484 458 1566 αἰσθήσει·
483 1478 562 1548 οὐδὲ
585 1483 649 1565 γὰρ
673 1484 740 1567 ἔχει
761 1483 802 1547 τά
825 1469 976 1567 ἀμέσου.

184 1589 321 1655 Τούτων
350 1584 413 1655 οὖν
441 1589 547 1666 οὕτως
575 1589 735 1673 ἐχόντων,
768 1588 996 1654 ἐκκείσθωσαν
1027 1590 1127 1654 πάλιν

110 1708 197 1780 τρεῖς
221 1695 376 1781 ἀριθμοί,
394 1694 450 1761 καὶ
470 1697 634 1781 θειχθήτω
655 1696 691 1761 έν
710 1695 823 1773 αὐτοῖς
844 1695 905 1779 ὅτι,
930 1701 1127 1781 ληφθεισῶν

108 1813 176 1867 τῶν
201 1803 263 1868 660
287 1803 462 1887 ὑπεροχῶν
485 1801 541 1868 καὶ
564 1810 802 1886 συντεθεισῶν,
826 1805 864 1868 τὸ
887 1805 991 1887 ἥμισυ
1014 1804 1125 1869 αὐτῶν
1140 1825 1166 1866 15

109 1912 202 1974 ἔσται
221 1909 240 1974 6
259 1907 313 1974 καὶ
335 1910 458 2039 μεταξὺ
482 1910 593 1975 αὐτῶν
611 1910 764 1995 ἀριθμός,
786 1907 842 1974 καὶ
865 1913 1022 1994 θήλονότι
1046 1911 1125 1977 ἐκεῖ·

106 2040 168 2093 νος
204 2017 288 2101 πρὸς
324 2016 364 2082 ὃν
402 2018 464 2082 οὐκ
501 2016 634 2101 ἐλήφθη
671 2018 831 2103 ὑπεροχή,
870 2018 914 2094 ὡς
945 2017 1124 2084 έθείκνυτο.

108 2125 259 2188 ἔστωσαν
292 2122 432 2209 ἀριθμοὶ
464 2124 584 2209 66‚6
589 2125 663 2209 ,6·
681 2125 716 2296 z6
744 2121 806 2209 660
835 2125 981 2210 ὑπεροχή
1010 2135 1077 2189 τῶν
1104 2129 1125 2189 6

107 2228 163 2294 καὶ
186 2214 207 2294 λ
229 2231 312 2314 πρὸς
334 2232 437 2295 τὸν
416 2255 440 2314 μ
463 2230 585 2296 έστιῖ·
614 2228 696 2316 66
720 2231 865 2316 ὑπεροχή
890 2242 956 2297 τῶν
980 2217 1001 2297 λ
1022 2230 1123 2316 6066

107 2338 190 2419 πρὸς
217 2338 277 2402 τὸν
299 2341 320 2401 6
347 2338 457 2404 έστι
440 2356 478 2402 ν·
510 2338 551 2403 τά
579 2334 657 2402 66·
644 2365 655 2402 ι
682 2336 783 2402 καὶ
764 2365 785 2404 ν
813 2341 964 2420 γίνονται
993 2340 1023 2421 ξ,
1056 2364 1122 2422 και,
1137 2362 1164 2400 20

107 2441 178 2508 ἐπεὶ
202 2443 264 2507 660
292 2443 433 2528 ἀριθμοὶ
461 2443 704 2544 συνετέθήσαν,
735 2444 791 2510 6
778 2473 789 2509 ι
812 2442 913 2509 καὶ
890 2470 927 2529 ν,
954 2443 1009 2510 καὶ
1037 2443 1123 2510 6606-

106 2566 194 2632 ήσαν
222 2551 341 2633 τὸνξ,
370 2549 484 2628 §w
463 2550 575 2636 αραὸ
599 2553 806 2629 ξδυοστόν
834 2549 890 2616 καὶ
917 2554 984 2635 ἔχει
1006 2553 1108 2617 τὸνλ

106 2655 162 2721 καὶ
182 2659 273 2722 ἔστιν
293 2657 311 2722 6
331 2657 431 2734 αὐτὸς
448 2666 494 2747 τῷ
513 2657 635 2742 μεταξὺ
652 2669 720 2723 τῶν
739 2681 751 2720 ι
738 2656 826 2722 καὶ
844 2669 911 2724 τῶν
930 2682 960 2722 ν.
997 2658 1038 2722 06
1056 2660 1123 2742 μήν

105 2759 144 2828 66
167 2764 251 2829 6666
273 2763 389 2829 καλοί
354 2765 496 2849 οίτρεϊς
519 2763 659 2850 ἀριθμοὶ
682 2765 741 2831 6
721 2770 799 2848 κ,λ
804 2813 814 2848 ,
833 2789 871 2848 μ,
894 2789 954 2829 κατ
956 2759 1121 2850 ’ἀριθμή-

105 2871 201 2954 τικήν
225 2870 408 2953 ἀναλογίαν
432 2871 631 2956 έκκείμενοι,
657 2870 727 2938 ἐπεὶ
751 2871 986 2956 συντιθέμενοι
1008 2874 1121 2953 γίνου·
1135 2893 1162 2932 25

104 2962 221 3060 ταιῐῖ,
244 2975 377 3055 ἕξουσιν
401 2979 554 3061 66660·
577 2977 632 3043 καὶ
655 2981 768 3064 έχουσι
791 2963 905 3063 τὸνλ,
928 2978 1030 3064 μέσον
1053 2991 1120 3044 τῶν

105 3094 208 3168 τριῶν
230 3087 394 3169 κείμενον.

172 3192 242 3256 Διά
265 3192 307 3275 66
336 3200 438 3257 ταῦτα
460 3192 567 3257 πάντοι
589 3190 645 3257 καὶ
668 3194 685 3259 6
710 3193 1014 3278 ἀριθμήτικώτατος
1037 3197 1118 3259 Διό-

104 3301 232 3380 φαντός
258 3315 362 3381 φησιν
385 3300 441 3382 ὡς,
464 3296 548 3363 ἐπεὶ
566 3298 585 3364 6
604 3310 660 3364 6⁰⁶
681 3297 782 3365 καὶὸ
802 3304 857 3384 βοῶ
875 3299 1120 3385 ὑπερέχουσι

105 3440 318 3450 ———-.-—-—-.

177 3532 211 3581 29
232 3527 267 3581 cf.
286 3527 307 3596 Ι,
326 3533 370 3594 42,
390 3534 414 3583 λ.

156 3627 373 3677 D1o1³mw=‚ed.
389 3629 527 3676 Tannery.
552 3628 583 3668 ΙΙ.
