2578 3984
354 190 603 247 PACHYMERAE
622 191 880 247 PARAPHRASIS.
1083 191 1125 257 83

109 354 275 436 ἐπείτοιγε
293 351 348 417 καλ
367 353 511 438 ἀριθμὸς
529 352 582 418 ἐπὶ
601 355 744 439 δύναμιν
760 357 1126 439 πολλαπλασιαζόμενος

107 461 218 544 κύβον
237 459 398 540 ἀποτελεῖ,
422 455 477 522 καὶ
500 459 537 522 τὸ
561 457 727 525 ἀνάπαλιν
748 460 887 544 δύναμις
906 457 958 524 ἐπὶ
978 459 1125 544 ἀριθμὸν

107 570 169 633 τὸν
194 566 296 632 αὐτὸν
319 565 425 647 κύβον
452 569 595 650 ποιήσει·
625 561 700 632 ίσον
727 568 790 652 γὰρ
818 569 923 632 εἰπεῖν
951 564 1003 643 δὶς
1027 551 1047 629 ό
1069 565 1124 631 καὶ

107 675 259 759 τετράκις
281 673 321 737 τίι
339 658 361 755 β
379 673 427 748 είς
449 673 486 737 τὸ
510 672 756 758 ἀπαρτισθῆναι
786 675 846 739 τὸν
872 673 987 757 κύβον.
1023 674 1123 737 δυνα-

109 782 238 864 μοστὸν
264 775 299 844 δὲ
323 776 376 843 ἐπὶ
400 779 611 863 δυναμοστὸν
633 782 1002 863 πολλαπλασιαζόμενον
1024 780 1123 843 ὃννα-
1150 803 1163 843 5

110 886 371 970 μοδυναμοστὸν
393 888 541 969 ποιήσει,
565 885 725 969 ἐπείτοιγε
748 884 803 951 καὶ
827 887 967 970 δύναμις
990 883 1043 950 ἐπὶ
1066 888 1125 951 δύ-

109 1017 212 1077 ναμιν
234 997 599 1072 πολλαπλασιασθεῖσα,
629 991 650 1076 ἢ
675 990 727 1077 ἐφ’
746 991 866 1077 εἀύτὴν
889 992 909 1076 ἢ
934 990 984 1077 ἐφ’
1009 990 1124 1076 ἑτέραν

109 1101 256 1183 δύναμιν
278 1100 385 1183 ἤγουν
409 1098 427 1163 ὁ
454 1099 662 1182 τετράγωνος
685 1098 705 1183 ἢ
730 1097 781 1185 ἐφ’
800 1098 919 1164 ἑαυτὸν
942 1098 963 1182 ἢ
988 1095 1041 1184 ἐφ’
1058 1098 1124 1165 ἕτε-

110 1230 184 1292 ρον,
204 1206 481 1290 δυναμοὸύναμιν
500 1207 641 1288 ποιήσει.
676 1215 774 1272 τοῦτο
800 1202 837 1271 δὲ
855 1209 892 1272 τὸ
912 1208 1124 1290 δυναμοστὸν

110 1315 142 1378 εί
170 1317 500 1398 πολλαπλασιασθείη
530 1310 583 1377 ἐπὶ
610 1315 789 1396 κυβοστόν,
828 1315 1124 1397 ὃνναμοκυβοσιὸν
1138 1338 1164 1377 ιο

108 1422 258 1504 ποιήσει,
286 1419 445 1504 ἐπείτοιγε
473 1417 528 1484 καὶ
557 1420 699 1503 δύναμις
726 1417 780 1485 ἐπὶ
807 1420 913 1503 κύβον
935 1425 1124 1486 πολλαπλα-

111 1533 290 1592 σιασθεῖσα
320 1529 556 1611 δυναμόκυβον
584 1526 695 1591 ἐποίει.
740 1525 795 1591 καὶ
823 1523 924 1603 αὖθις
957 1529 994 1592 τὸ
1023 1529 1123 1593 δυνα-

109 1635 236 1718 μοστὸν
263 1642 362 1698 τοῦτο
392 1635 423 1698 εί
450 1636 780 1717 πολλαπλασιασθείη
809 1630 862 1698 ἐπὶ
890 1635 1123 1718 ὃνναμοόννα-

107 1742 249 1824 μοστόν,
272 1742 523 1825 κοβοκνβοστὸν
545 1741 692 1822 ποιήσει,
721 1739 882 1823 ἐπείτοιγε
905 1738 959 1804 καὶ
983 1742 1123 1825 δύναμις
1171 1777 1174 1781 -

109 1850 140 1912 ελ
166 1850 495 1931 πολλαπλασιασθείη
526 1844 577 1912 ἐπὶ
609 1847 900 1931 ὃνναμοδύναμιν,
931 1850 1123 1930 κοβόκνβον
1138 1869 1163 1910 15

107 1957 255 2038 ποιήσει·
281 1955 326 2031 ὡς
349 1951 504 2038 ἐλέγομεν
527 1954 587 2018 τὸν
606 1939 641 2036 β,
668 1954 813 2037 δύναμιν
836 1954 880 2031 ὡς
902 1954 1123 2038 τετράγωνον,

107 2064 478 2145 πολλαπλασιαζόμενον
511 2058 564 2125 ἐπὶ
600 2060 662 2142 τὴν
695 2060 970 2145 δυναμοδύναμιν
1001 2065 1033 2129 ἴς
1064 2063 1123 2126 τὸν

108 2169 173 2234 ἀπὸ
201 2178 261 2233 τοῦ
288 2172 605 2252 πολλαπλασιασμοῦ
633 2175 693 2232 τοῦ
716 2170 927 2252 τετραγώνου
951 2153 986 2250 ό,
1014 2177 1122 2232 ποιεῖν

107 2262 226 2353 venre—6
249 2276 455 2358 κοβόκνβον,
485 2273 522 2351 ὃς
548 2273 603 2339 καὶ
633 2273 697 2338 ἀπὸ
720 2278 1039 2359 πολλαπλασιασμοῦ
1062 2282 1122 2339 τοῦ

107 2392 129 2467 η’
151 2383 259 2466 κύβου
282 2383 417 2465 γίνεται.
1137 2405 1162 2445 ιο

179 2490 225 2553 Τὸ
251 2485 287 2552 δὲ
306 2489 472 2570 κυβοστὸν
492 2485 544 2552 ἐπὶ
562 2483 625 2572 μὲν
644 2487 851 2572 ἄριθμοστὸν
870 2497 961 2550 ποιεῖ
977 2486 1121 2568 δυναμο-

109 2597 334 2679 ὃνναμοστόν,
359 2595 410 2660 ὅτι
432 2592 487 2660 καὶ
510 2592 654 2680 ἀριθμὸς
677 2590 727 2658 ἐπὶ
750 2593 856 2677 κύβον
878 2595 1123 2657 πολλαπλασια-

111 2705 246 2786 ζόμενος
279 2703 556 2786 δυναμοόύναμιν
589 2700 707 2766 ἐποίει·
745 2697 797 2764 ἐπὶ
830 2697 867 2763 δὲ
900 2700 1121 2782 ἃυναμοστόν,

109 2819 199 2874 ποιεῖ
228 2810 539 2893 βοναμοκνβοστόν,
577 2808 627 2872 ὅτι
663 2804 718 2872 καὶ
755 2807 895 2891 δύναμις
932 2803 985 2870 ἐπὶ
1016 2806 1122 2888 κύβον

109 2917 346 2999 ὄνναμόκοβον
370 2914 487 2980 ἐποίει·
518 2912 571 2979 ἐπὶ
594 2911 631 2978 δὲ
654 2916 831 2997 κυβοστόν,
859 2914 1120 2998 κνβοκνβοστόν,
1136 2935 1161 2975 23

108 3023 158 3089 ότι
181 3020 237 3087 καὶ
260 3023 363 3106 κύβος
386 3020 439 3087 ἐπὶ
462 3023 568 3104 κύβον
590 3023 781 3105 κοβόκνβον
804 3020 916 3086 ἐποίει.

177 3131 223 3194 Τὸ
262 3126 299 3194 δὲ
341 3128 685 3212 δυναμούνναμοστὸν
721 3124 773 3191 ἐπὶ
815 3125 876 3211 μὲν
914 3127 1121 3212 ἄριθμοστὸν

109 3237 403 3320 δυναμοκυβοστὸν
430 3245 534 3318 ποιεί,
563 3235 614 3300 ὅτι
641 3232 696 3300 καὶ
724 3233 868 3319 ἀριθμὸς
896 3232 950 3299 ἐπὶ
976 3235 1121 3316 δυναμο-

109 3344 255 3427 ὃύναμιν
277 3345 643 3426 πολλαπλασιαζόμενος
667 3343 904 3425 δυναμόκυβον
928 3340 1044 3405 ἐποίει·
1068 3337 1121 3404 ε’πλ

179 3578 212 3626 17
230 3572 282 3642 τὴν
301 3571 409 3643 scripsi,
427 3571 477 3626 τὸν
496 3570 557 3626 cod.

923 3659 960 3710 (5ss
