2568 3980
160 187 222 253 138
430 189 582 248 SOHOLIA
599 192 640 246 IN
658 189 910 247 DIOPHANTUM.

221 348 310 418 Ἐπεὶ
342 356 458 419 τοίνυν
490 355 571 421 ὅλον
599 357 637 420 τὸ
665 358 802 421 ΑΒΓΔ
828 357 1179 440 παραλληλόγραμμον

157 459 314 544 μονάδων
332 458 401 527 έστὶ
421 446 452 542 δ,
471 457 592 526 ἔστιδὲ
610 459 666 526 καὶ
685 463 722 528 τὸ
736 465 813 527 ΑΝ
826 465 1178 548 παραλληλόγραμμον

156 567 259 651 ἣμισυ
277 576 338 632 τοῦ
357 569 493 632 ΑΒΓΔ
511 569 860 653 παραλληλογράμμου
880 566 914 654 (ἡ
933 569 997 652 γὰρ
1016 571 1090 632 ΘΝ
1100 569 1178 654 δίχα

157 673 238 737 αὐτὸ
262 671 399 761 τέμνει),
424 673 505 739 αὐτὸ
529 675 594 759 ὅιρα
616 676 653 740 τὸ
678 678 755 739 ΑΝ
772 675 931 760 μονάδων
954 676 1044 739 ἔσται
1063 660 1097 758 β·
1121 673 1179 740 καὶ

130 777 321 848 ιδέδεικται
346 780 436 858 ὅπως
453 781 491 847 τὸ
511 781 719 866 άριθμοστὸν
743 779 796 846 έιτλ
818 782 880 866 τὴν
902 780 1058 865 δύναμιν,
1081 805 1179 847 τουτ-

156 885 225 951 ἐστι
244 888 280 952 τὸ
300 894 332 953 Α
340 892 368 953 Θ
392 885 444 952 ἐπὶ
468 888 529 972 τὴν
548 887 629 969 ΑΒ,
655 889 693 952 τὸ
718 889 874 972 δυοστόν,
899 886 956 953 εἰτ’
980 882 1043 954 οὖν
1062 889 1177 973 ἥμισυ,

156 991 209 1058 ἐπὶ
227 995 286 1060 τὸν
306 980 327 1059 δ
346 994 503 1079 ἀριθμόν,
523 996 583 1060 τὸν
600 980 623 1078 β
641 1006 732 1060 τιοιεϊ
747 997 785 1060 τὸ
800 1002 833 1060 A
839 999 877 1060 N
879 1015 887 1032 ·
905 997 943 1060 τὸ
957 997 1020 1080 γδιρ
1036 998 1177 1060 ΑΒΓΔ

155 1104 501 1187 παραλληλόγραμμον
524 1102 605 1167 ὅλον
628 1103 792 1167 τοιούτων
813 1099 882 1167 έστλ
900 1103 1073 1188 τεσσάρων
1093 1102 1176 1167 οἵων

155 1208 192 1272 τὸ
214 1210 291 1272 ΑΝ
311 1209 382 1273 δύο.

116 1344 142 1383 10
217 1310 355 1398 Ὁμοίως
378 1311 415 1379 δέ
434 1311 491 1380 καὶ
510 1313 568 1380 ἐὰν
587 1310 649 1399 μὲν
666 1315 704 1379 τὸ
723 1314 834 1401 (AN)
852 1315 1061 1401 άριθμοστὸν
1079 1313 1175 1402 μένῃ,

154 1419 175 1502 ἡ
200 1417 237 1485 δέ
260 1425 366 1505 ΑΒῆ
389 1421 547 1505 μονάδων
570 1420 730 1507 ὑποτεθῇ,
753 1423 828 1505 ἤτοι
846 1423 962 1506 κύβος·
985 1421 1056 1488 έιτεὶ
1074 1422 1177 1488 πάλιν

155 1527 236 1593 ὅλον
254 1528 292 1592 τὸ
311 1529 448 1592 ΑΒΓΔ
467 1526 624 1611 μονάδων
642 1536 663 1611 ἦ
682 1529 784 1610 ἔσται,
802 1528 822 1612 ἡ
843 1525 880 1593 δὲ
900 1530 973 1593 ΘΝ
990 1529 1066 1613 δίχα
1084 1541 1179 1613 τεμεῖ

155 1632 248 1716 αὐτό,
270 1635 307 1699 τὸ
330 1634 394 1718 άρα
414 1637 491 1698 AN
509 1635 668 1718 μονάδων
687 1636 778 1700 ἔσται
794 1619 828 1718 δ,
852 1633 1002 1701 τουτέστι
1021 1634 1176 1720 δύναμις,

155 1736 209 1804 καὶ
233 1739 355 1823 ὁμοίως
378 1737 429 1804 έιιλ
454 1751 522 1805 τῶν
545 1745 680 1807 λοιπῶν.

116 1876 141 1914 15
222 1845 282 1911 15.
316 1849 583 1931 Δυναμοστὸν
616 1846 678 1913 ἐπὶ
714 1848 888 1934 ἀριθμὸν
925 1848 1175 1933 άριθμοστὸν

154 1963 270 2018 ποιεῖ.
295 1955 378 2018 ἔστω
393 1955 606 2038 δυναμοστὸν
619 1956 657 2020 τὸ
668 1956 726 2038 δον,
741 1955 885 2039 ἀριθμὸς
900 1952 936 2020 δὲ
951 1955 968 2021 ὁ
983 1940 1019 2039 β·
1034 1955 1174 2040 λέγομεν

155 2054 218 2124 οὖν
237 2055 289 2136 δὶς
311 2060 348 2125 τὸ
368 2061 426 2144 δον,
444 2047 469 2145 β
484 2061 634 2147 τέταρτα·
658 2063 698 2126 τὰ
718 2058 754 2126 δέ
772 2047 795 2146 β
812 2061 950 2147 τέταρτα
968 2063 1071 2147 ἥμισύ
1094 2063 1174 2146 έστι,

154 2163 209 2231 καὶ
233 2163 373 2250 γέγονεν
397 2167 604 2252 ἀριθμοστὸν
627 2169 665 2233 τὸ
690 2170 842 2235 δυοστόν.
878 2171 929 2251 [τὸ
954 2166 990 2235 δὲ
1015 2170 1173 2251 δυοστόν]

216 2271 355 2357 Ὁμοίως
385 2273 643 2359 <δυναμοστὸν>
675 2273 728 2340 ἐπὶ
759 2276 865 2360 κύβον
896 2277 1045 2361 ἀριθμὸν
1077 2287 1174 2344 ποιεῖ.

115 2406 142 2446 ιο
156 2381 238 2444 ἔστω
257 2380 321 2464 γάρ
341 2377 612 2465 δυναμοστὸνλ
573 2408 595 2467 μ
613 2405 634 2446 ν
652 2384 690 2448 τὸ
710 2383 758 2446 δ’
758 2379 948 2466 ,κύβοςδὲ
968 2384 1061 2468 τδῆ·
1081 2383 1174 2468 λέγο-

154 2508 216 2583 μεν
240 2479 315 2550 οὖν·
339 2485 471 2564 ὀκτάκις
494 2488 531 2552 τὸ
556 2489 604 2552 δθ
605 2485 835 2574 ,ῆτέταρτα,
865 2490 906 2554 τὰ
931 2486 1012 2555 δὲ·
991 2515 1011 2574 η
1035 2488 1172 2574 τέταρτα

154 2577 175 2675 β
198 2593 341 2677 μονάδες
363 2594 439 2676 είσί,
463 2591 518 2659 καλ
541 2592 681 2678 γέγονεν
704 2595 848 2681 ἀριθμὸς
870 2596 888 2662 ὁ
912 2581 943 2680 β.

212 2697 318 2765 Ἔστω
339 2696 376 2764 δὲ
394 2697 449 2765 καὶ
468 2698 521 2765 έιτὶ
541 2703 790 2787 διαγράμματος
805 2704 917 2787 δῆλον.
945 2701 1173 2770 ἐκκείσθωσαν

154 2805 216 2870 δύο
241 2805 372 2871 εὐθεῖαι
394 2807 478 2891 πρὸς
501 2806 607 2892 ὀρθὰς
626 2809 783 2894 ἀλλήλαις
802 2836 822 2875 α
825 2811 921 2876 ίΑΒ
944 2809 1000 2875 καὶ
1019 2814 1095 2895 ΑΓ,
1118 2808 1173 2876 καὶ

114 2939 140 2979 25
447 2929 464 2990 β
500 2919 583 2982 έστω
611 2913 717 3001 ἡμὲν
740 2921 806 2982 ΑΒ
831 2917 988 3003 μονάδων
1016 2903 1102 3001 β,“
1085 2943 1106 3002 ιγ
1135 2915 1172 2982 δε

170 2992 319 3119 δῖ
186 3026 476 3068 --..-...2
500 3026 571 3088 AF
584 3023 778 3108 μονάδοςα·
798 3022 852 3088 καὶ
867 3024 1165 3110 ἀναγεγράφθω
1135 3047 1173 3089 το

160 3101 319 3199 ὅ*
186 3101 516 3200 -----μ“
499 3127 557 3195 υτι’
594 3129 706 3196 αὐτῶν
747 3133 1094 3217 παραλληλόγραμμον
1134 3131 1171 3196 τὸ

160 3158 477 3304 “NT—*rw
498 3240 648 3321 ΑΒΓΔ,
667 3262 721 3302 και
711 3234 916 3323 διῃρήσθω
935 3236 1098 3320 ἡΑΒείς
1117 3239 1174 3314 τδις

156 3341 218 3407 δύο
237 3342 395 3427 μονάδας,
414 3345 476 3427 τήν
494 3367 529 3409 τε
548 3348 616 3408 ΑΒ
632 3341 688 3409 καὶ
706 3348 779 3409 ΒΒ.
815 3341 870 3408 καλ
890 3341 959 3410 ἐπεὶ
977 3343 997 3427 ἡ
1013 3349 1091 3430 ΑΒ,
1109 3345 1172 3409 δύο

227 3576 260 3625 18
278 3570 309 3626 τὸ
329 3569 360 3626 δέ
380 3567 499 3626 δνοοτδν
519 3570 630 3627 seclusi.
