2570 3988
453 195 730 248 PROLEGOMENA.
981 196 1098 250 XXXIII

77 354 229 418 codicem
252 351 349 441 (saec.
368 354 447 419 XVI
471 361 605 420 exeunte
629 353 841 443 descriptum)
866 358 998 423 alterius
1023 382 1097 444 apo-

81 461 250 546 graphum
273 483 358 545 esse,
381 485 479 546 quum
504 461 712 527 Diassorinus
736 463 930 529 55501562
954 466 1022 530 vita
1046 467 1099 530 de·

80 568 216 633 functus
246 568 298 633 sit.
349 567 529 633 Diassorini
563 591 639 634 vero
673 568 815 635 codicem
843 591 860 634 e
888 569 1036 638 Parisino
1066 572 1099 655 O,

82 698 154 739 non
179 697 196 739 e
220 674 385 740 Marciano
409 674 466 759 B„
494 675 691 759 descriptum
714 676 812 740 fuisse
840 676 926 741 haud
951 679 1099 763 equidem

83 783 311 846 demonstrare
339 783 443 864 valeo,
477 803 575 865 quum
603 783 767 866 integrum
797 805 869 847 eum
897 807 963 848 non
990 789 1099 851 contu·

84 889 192 953 lerim.
244 886 304 953 Sed
333 911 372 952 ex
399 889 600 972 lepidissima
628 889 755 972 pictura
783 889 817 953 in
844 889 950 955 fronte
982 893 1098 958 codicis

84 995 197 1080 posita
219 995 314 1059 illum
336 993 470 1059 Parisiis
494 995 687 1060 adornatum
711 994 811 1060 fuisse
836 997 944 1081 eredo,
972 1000 1006 1062 in
1031 999 1099 1063 offi-

85 1103 163 1166 cina
182 1102 302 1186 Angeli
316 1100 463 1187 Vergetii
487 1105 520 1165 et
543 1103 628 1166 eirca
652 1124 771 1166 annum
799 1103 894 1189 1555,
917 1127 1015 1188 quum
1034 1106 1099 1170 iam

86 1209 206 1273 Petrus
231 1207 355 1273 Strozzi
378 1211 412 1272 in
437 1208 576 1274 Galliam
599 1207 783 1273 Parisinum
808 1208 835 1274 0
855 1212 1018 1274 attulerat.

158 1316 208 1380 24.
249 1315 450 1380 oxoniensem
478 1315 677 1380 Scaidianam
701 1321 721 1379 6
749 1337 830 1380 saec.
854 1315 932 1381 XVI
965 1322 1100 1382 exeunte

87 1423 248 1505 scriptum
276 1444 315 1486 ex
345 1423 493 1506 catalogo
522 1419 672 1486 Oaswelli
699 1425 827 1486 tantum
856 1424 946 1488 novi:
977 1424 1100 1489 mentio

88 1529 265 1611 Diophaati
292 1529 503 1593 Alexandrini
530 1528 804 1593 Arithmeticoram
833 1529 904 1594 libri
933 1551 986 1595 saa
1012 1535 1040 1595 et
1066 1533 1102 1596 de

88 1637 228 1700 55555
264 1636 466 1717 55559553
502 1656 571 1698 cam
606 1633 729 1700 scholiis
766 1635 906 1700 Maximi
942 1637 1101 1703 Plaaadis

89 1743 228 1808 classem
251 1741 383 1827 indicat,
407 1765 473 1805 non
497 1747 605 1806 autem
629 1742 753 1806 fontem
776 1743 968 1826 proximum.

158 1849 215 1930 25,
244 1849 295 1913 26.
333 1848 380 1912 De
409 1848 570 1912 codicibus
595 1848 729 1930 Amice,
756 1870 870 1932 nempe
894 1850 1101 1916 Ambrosiam
1187 1871 1191 1880 ’

90 1955 161 2022 Εὖ
184 1976 250 2038 sap.
274 1959 306 2018 et
330 1954 481 2020 Paris-iao
503 1960 591 2020 2380
612 1986 651 2006 =
671 1952 706 2019 D
730 1952 823 2038 (olim
848 1955 886 2019 de
910 1955 1102 2042 Montchal)‚

91 2063 164 2128 vide
188 2062 423 2146 praefationem
447 2061 543 2146 primi
566 2060 738 2125 voluminis
764 2060 807 2144 (p.
826 2059 898 2146 IV).
935 2061 1006 2128 Hoc
1029 2067 1101 2127 tan·
1221 2067 1226 2084 ⁸

91 2174 162 2233 tum
192 2169 323 2250 addam,
350 2168 436 2232 haud
465 2169 506 2232 ab
536 2167 636 2232 Auria
664 2169 736 2252 ipso
766 2167 821 2230 sed
850 2190 869 2231 a
897 2168 1029 2233 librario
1053 2168 1102 2233 lo·

92 2297 176 2340 anne
196 2299 215 2340 a
235 2273 353 2339 Sancta
373 2274 487 2339 Maura
507 2274 606 2357 (circa
625 2297 743 2338 annum
763 2271 863 2361 1600)
883 2275 1007 2339 codices
1026 2275 1102 2340 illos

92 2382 270 2465 descriptos
293 2382 402 2446 fuisse.

160 2490 211 2573 27,
239 2490 291 2554 28.
337 2495 384 2552 Ex
420 2489 519 2552 variis
558 2491 765 2571 antiquorum
799 2487 944 2551 codicum
975 2488 1102 2552 notitiis

94 2618 173 2680 quas
203 2597 365 2680 colligere·
386 2595 490 2678 potui,
522 2595 600 2659 duos
624 2595 763 2658 forsitan
792 2593 975 2676 deperditos
1002 2593 1102 2656 fuisse

95 2703 285 2767 eredendum
316 2707 373 2767 est.
427 2699 565 2785 Scripsit
595 2700 681 2765 enim
709 2699 902 2764 'Pomasinus
936 2697 985 2783 (p.
1009 2697 1102 2785 121):

94 2808 153 2895 „In
186 2809 389 2873 Bibliotheca
418 2807 595 2872 Alexandri
626 2806 791 2890 Synclitici
818 2805 892 2870 Viri
922 2804 1104 2871 Clarissimi

96 2922 128 2982 et
152 2915 251 2980 Primi
274 2914 358 2979 Iuris
384 2911 495 2978 Civilis
520 2913 716 2978 Professoris
740 2913 994 2978 instructissima
1018 2912 1103 2977 vide-

95 3025 189 3087 batur
220 3045 286 3086 non
319 3022 365 3085 ita
393 3020 513 3085 dudum
546 3042 660 3105 graece
690 3020 829 3103 scriptus
863 3019 1103 3106 elegantissime

97 3128 296 3214 Diophantes
321 3128 375 3192 fol.
396 3128 444 3192 oh.
463 3129 525 3194 vet.
544 3129 640 3212 longe
664 3127 825 3210 copiosior
846 3131 878 3191 et
903 3126 1104 3191 emendatior

96 3238 150 3302 illo
174 3237 229 3321 qui
253 3235 385 3300 Parisiis
412 3233 542 3318 prodiit.
587 3234 671 3298 Eum
696 3232 746 3297 vir
774 3233 916 3317 optimus
944 3233 1104 3298 concessit

96 3343 174 3407 Viro
200 3340 246 3407 01.
270 3342 384 3407 Ioanni
409 3341 543 3406 Brosoio
567 3339 798 3405 Mathematiso
823 3338 1041 3423 Oracoviensi,
1069 3343 1105 3403 ut

97 3451 197 3534 ipsius
225 3472 301 3515 cura
329 3453 362 3513 st
390 3448 498 3514 studio
526 3449 559 3512 in
585 3449 689 3514 lucem
714 3446 874 3528 ederetur,
902 3468 995 3529 quem
1018 3467 1101 3510 nunc

99 3557 213 3621 eruditi
238 3578 349 3620 omnes
374 3556 465 3620 avide
490 3554 705 3638 exspectant.“
726 3589 764 3600 -
785 3553 868 3618 Item
887 3552 1047 3616 Bachetus
1070 3553 1104 3615 in

148 3671 315 3722 mormanus,
332 3670 366 3710 ed.
381 3671 519 3719 Tannery.
540 3669 571 3708 Π.
931 3673 946 3708 c

1194 3684 1256 3706 Α
