2578 3984
346 208 598 264 PACHYMERAE
617 207 875 267 PARAPHRASIS.
1078 212 1120 276 97

169 373 215 437 Εἰ
237 368 273 436 δὲ
298 371 334 437 έν
358 375 447 460 λόγῳ
472 373 667 460 ἐπιτετάρτω
697 372 949 458 ἐπιταττοίμεδα
978 376 1121 459 διαιρεῖν

101 477 138 544 ἐν
161 478 309 564 ὑπεροχῇ
334 465 470 564 φέρεδ,
493 482 576 544 ἔστω
596 465 687 564 ὁπῇ·
707 479 839 564 ἀφαιρῶ
857 467 967 564 τὸνδ,
986 480 1120 547 καὶτοῦ

100 584 374 670 λειπομένου
339 612 373 670 ιη
409 588 469 652 τὸν
505 585 921 672 ὑποδιπλασιεπιτέταρτον
962 589 1119 672 λαμβάνω

98 693 160 758 τὸν
192 702 227 775 η·
259 703 381 758 τοῦτον
412 694 529 777 τίθημι
562 693 751 776 ὑπόλογον,
789 695 849 758 τὸν
883 689 919 758 66
951 697 1120 780 πρόλογον

100 799 224 865 τούτου
238 800 297 864 τὸν
317 801 352 864 ιδ
370 810 530 865 συνιστῶ·
550 801 620 865 ἔστι
634 796 671 865 66
686 799 704 865 6
724 802 758 864 ιδ
776 808 872 884 τοῦῇ
888 800 955 867 ἐν*
939 809 1084 885 υπεροχη
1100 804 1120 867 δ
1147 821 1161 860 5

100 906 260 991 μονάδων
283 905 338 971 καὶ
363 905 578 991 ἐπιτέταρτος.
617 907 740 991 ὁμοίως
763 905 818 972 καλ
837 906 890 973 ἐπὶ
908 918 976 972 τῶν
995 913 1121 973 λοιπῶν

100 1011 293 1098 έπιμορίων.

168 1124 213 1185 λε.
251 1121 297 1184 Εἰ
319 1115 356 1184 66
378 1120 480 1184 πάλιν
503 1119 770 1205 ὑποταττοίμεθα
795 1122 937 1206 διαιρεῖν
967 1120 1003 1186 ἐν
1031 1125 1119 1209 λόγῳ

100 1224 251 1311 ἐπιμερεῖ
271 1225 327 1292 καὶ
350 1226 495 1312 ὑπεροχῇ
520 1230 628 1292 τόσων
652 1227 828 1310 μονάδων,
857 1228 945 1292 οὑτω
973 1229 1120 1312 λύσομεν

98 1336 139 1399 τά
162 1335 388 1418 προβλήματα.
426 1336 508 1398 ἔστω
531 1340 616 1416 χοῦν
643 1344 773 1417 πρῶτος
796 1332 814 1398 6
838 1333 1037 1419 ἐπιδίτριτος
1064 1332 1119 1398 ιιαλ
1135 1355 1161 1393 10

98 1444 225 1506 κείσθω
255 1440 273 1506 6
300 1450 333 1525 ιῇ
363 1438 402 1504 ὃν
431 1441 575 1524 διαιρεῖν
603 1439 844 1523 ἐπιταττόμεθα
873 1439 910 1504 ἐν
937 1443 1025 1528 λόγῳ
1054 1439 1121 1505 ἐπι-

99 1549 235 1634 διτρίτω
255 1544 311 1611 καλ
330 1546 476 1631 ὑπεροχῇ
495 1546 652 1630 μονάδων
670 1550 705 1630 β·
725 1546 858 1630 άφαιρῶ
877 1547 939 1629 τὴν
953 1547 1121 1631 ὑπεροχὴν

96 1651 153 1719 παλ
176 1663 238 1718 τοῦ
256 1652 456 1736 λειπομένου
475 1656 511 1722 I&
530 1656 611 1737 ζητῶ
631 1654 691 1718 τὸν
712 1653 1121 1740 ὑποδιπλασιεπιδίτριτον

97 1745 154 1826 καὶ
178 1762 268 1826 ἔστιν
293 1760 310 1825 6
335 1762 367 1828 ξ·
391 1767 512 1825 τοῦτον
534 1762 654 1843 τάδημι
677 1759 816 1842 ἐλάσσω,
840 1758 897 1825 καλ
919 1762 979 1825 τὸν
999 1762 1118 1825 λοιπὸν

100 1870 166 1932 σὺν
180 1876 219 1952 τῇ
234 1867 381 1952 ὑπεροχῇ
401 1868 498 1951 μείζω
516 1868 576 1932 τὸν
591 1852 641 1950 Ῐβ,
659 1864 715 1932 καὶ
733 1868 860 1949 γίνεται
878 1867 915 1932 τὸ
929 1869 1118 1952 πρόβλημα·
1135 1886 1161 1926 1⁵

98 1974 117 2040 6
140 1975 205 2057 χδρ
224 1959 265 2057 Ῑβ
287 1974 371 2058 πρὸς
393 1974 453 2039 τὸν
470 1976 491 2042 ξ
510 1973 678 2058 ὑπεροχὴν
697 1976 763 2058 έχει
781 1974 839 2050 τάς
857 1977 878 2057 6
898 1974 1047 2058 μονάδας
1065 1972 1120 2040 καὶ

97 2081 116 2146 6
140 2082 257 2157 λοιπὸς
280 2080 479 2164 ἐπιδίτριτάς
503 2080 601 2146 ἐστιν.

161 2183 300 2272 Ὁμοίως
332 2186 387 2252 καλ
424 2185 477 2252 ἐπὶ
513 2197 581 2252 τῶν
618 2192 757 2252 λοιπῶν·
795 2183 847 2252 ἐπὶ
884 2188 1019 2252 πάντων
1056 2188 1119 2272 γάρ

97 2295 258 2380 άφαιρεῖν
285 2295 338 2360 δεῖ
362 2295 424 2377 τὴν
453 2295 615 2359 δοθεῖσαν
643 2294 811 2380 ὑπεροχὴν
839 2290 895 2358 καὶ
921 2303 982 2359 τοῦ
1010 2299 1119 2359 λειπο-

97 2402 205 2487 μένου
230 2405 337 2485 ζητεῖν
359 2401 419 2466 τὸν
439 2400 780 2486 ὑποδιπλασιεπιμερῇ
799 2395 878 2466 καθ’
901 2399 941 2466 δν
959 2402 1019 2466 τὸν
1040 2399 1120 2478 τέως
1134 2419 1161 2459 20

97 2507 237 2593 ἐπιμερῇ
262 2511 431 2593 ζητοῦμεν,
456 2505 511 2573 καὶ
534 2508 711 2574 εὐοδοῦται
733 2508 771 2573 τὸ
794 2509 985 2591 πρόβλημα,
1010 2507 1119 2592 ῶσπερ

99 2615 137 2680 ἐν
160 2625 231 2692 τοῖς
254 2615 439 2699 ἐπιμορίοις
460 2616 521 2680 τὸν
548 2615 926 2697 ὑποδιπλασιεπιμόριον
955 2613 1119 2697 ἀφαιρου-

98 2720 202 2806 μένης
223 2731 281 2805 τῇς
303 2721 469 2807 ὑπεροχῇς
493 2721 678 2806 ἐζητοῦμεν.

169 2827 265 2893 Οὑτω
291 2829 333 2912 δὴ
356 2831 540 2912 ποιήσομεν
563 2826 618 2893 καὶ
642 2829 696 2893 ὅτε
715 2827 955 2910 ἐπιταττόμεθα
976 2826 1119 2909 διαιρεῖν

98 2936 147 3012 εἰς
160 2934 330 3019 ὑπεροχὴν
345 2936 502 3019 μονάδων
516 2930 572 2999 καὶ
586 2937 688 3018 λόχον
701 2931 722 3016 ἢ
735 2933 1119 3017 πολλαπλασιεπιμόριον
1134 2949 1161 2990 25

98 3041 119 3126 ἣ
143 3045 499 3126 πολλαπλασιεπιμερῇ.
535 3044 618 3106 ἔστω
646 3041 709 3124 γάρ
734 3038 752 3104 6
775 3041 795 3101 ιί
819 3037 859 3103 δν
884 3039 1027 3123 διαιρεῖν
1051 3038 1119 3104 ἐπι-

98 3150 286 3233 ταττόμεθα
321 3147 406 3213 ἐν“
390 3155 536 3232 υπεροχῇ
569 3146 726 3230 μονάδων
753 3149 774 3214 ξ
801 3142 857 3209 καλ
887 3148 975 3233 λόγω
1005 3146 1119 3210 διπλα-

99 3257 304 3352 σιεφημιΗσει
328 3254 461 3339 ἀφαιρῶ
484 3255 546 3337 τὴν
568 3253 735 3337 ὑπεροχὴν
757 3248 812 3316 καὶ
835 3261 896 3318 τοῦ
920 3250 1119 3352 λειπομένου

100 3348 135 3426 ιδ
157 3362 217 3425 τὸν
243 3361 679 3447 ὑποτριπλασιεφήμισυνζ
678 3369 745 3442 ητῶ
773 3356 829 3422 καὶ
857 3361 947 3424 ἔστιν
971 3357 989 3423 6
1012 3343 1049 3442 6,
1078 3353 1119 3424 06

101 3467 179 3532 6
146 3484 189 3550 ις,
213 3467 381 3552 ὑπεροχὴν
400 3470 485 3552 ἔχων
504 3468 601 3532 τὸν
583 3482 612 3548 ς,
637 3467 704 3529 ἔστι
725 3465 1033 3549 διπλασιεφημισυς.
1064 3462 1119 3530 καὶ
1134 3485 1160 3524 ιο

101 3572 154 3640 ἀεὶ
179 3575 294 3657 οὕτως,
317 3584 378 3640 τοῦ
402 3571 462 3659 μὲν
486 3575 606 3661 μοριου
630 3569 829 3657 σωζομένου,
853 3581 920 3636 τῶν
943 3567 980 3636 δὲ
998 3575 1119 3637 πολλα-

154 3689 529 3740 1>1o12mws‚ed.Tannery.
553 3688 584 3728 IL
944 3680 958 3727 7
