2578 3984
180 195 244 260 106
420 191 672 248 PACHYMERAE
690 191 949 248 PARAPHRASIS.

178 355 383 423 συντεθέντα
410 365 488 442 ποιῇ
520 358 580 423 τὸν
614 354 760 421 δοθέντα
792 354 947 440 ἀριθμόν.
989 354 1104 441 ἐπειδὴ
1133 358 1199 441 γάρ

178 463 260 549 μέρη
280 463 436 549 ἀριθμῶν
454 465 541 529 εἰσιν
559 465 673 548 ἥμισυ,
696 465 820 547 τρίτον,
844 459 1012 546 τέταρτον,
1035 461 1198 547 πέμπτον,

178 569 285 655 ἕκτον,
308 570 454 655 ἕβδομον
471 569 526 636 καὶ
547 569 620 654 ἑξῆς
639 566 688 635 ἐπ’
711 570 860 652 άπειρον,
879 566 935 633 καὶ
953 568 1198 654 έπιταττόμεθα

177 679 301 743 διελεῖν
329 677 476 763 ἀριθμὸν
505 680 552 754 εἰς
584 677 751 762 ἀριθμοὺς
783 676 845 740 δύο
879 670 926 740 ὧν
960 673 1125 760 ἑκατέρων
1157 679 1198 742 τὰ

151 783 397 869 εέπιταχθέυτα
420 783 503 870 μέρη
532 785 576 868 μὴ
604 783 644 847 τά
672 783 756 847 αὐτὰ
783 775 854 847 ἀλλ’
882 773 956 846 οἷον
983 780 1065 867 φέρε
1093 785 1197 868 ἥμισυ

177 889 232 955 καὶ
259 895 390 977 τρίτον,
422 890 443 975 ἢ
471 893 585 975 τρίτον
617 887 673 954 καὶ
702 887 875 972 τέταρτον,
908 887 929 972 ἢ
961 887 1110 973 πέμπτον
1142 887 1197 955 καλ

178 997 338 1081 ἕβδομον,
366 997 507 1082 ἣέκτον
530 995 585 1062 καὶ
607 995 764 1079 τέταρτον
787 994 807 1079 ἢ
831 994 1003 1080 ὁπωσοῦν,
1031 997 1089 1060 ἵνα
1117 1013 1197 1062 συν-

177 1103 317 1169 τεθέντα
348 1104 457 1170 ἐκεῖνα
484 1113 563 1188 ποιῇ
591 1106 651 1169 τὸν
679 1101 826 1167 δοθέντα
853 1101 1014 1187 ἀριθμόν·
1043 1100 1099 1168 καὶ
1127 1105 1198 1168 ἔστι

178 1212 354 1296 διδόμενος
376 1209 431 1276 καὶ
455 1210 473 1275 δ
494 1212 799 1295 διαιρηθησόμενος
817 1207 961 1292 ἀριθμὸς
979 1206 1034 1274 καλ
1052 1211 1093 1274 τὰ
1112 1209 1196 1295 μέρη

138 1345 164 1384 10
179 1317 342 1404 ἑκατέρων
364 1326 432 1382 τῶν
455 1328 581 1402 μερῶν,
612 1317 663 1381 ὅτι
691 1317 793 1400 τυχὸν
815 1318 929 1400 τρίτον
952 1311 1013 1399 μὲν
1036 1325 1098 1381 τοῦ
1122 1315 1198 1398 ἑνὸς

177 1423 309 1508 μέρους,
333 1423 429 1489 ἕκτον
453 1421 490 1488 δὲ
512 1421 661 1504 θατέρου
684 1422 704 1506 ἢ
728 1421 900 1487 ὁπωσοῦν·
925 1423 1055 1487 δίδοται
1080 1420 1118 1488 δὲ
1141 1423 1197 1488 καλ

179 1530 364 1615 ὁάριθμὸς
387 1531 424 1608 ὃς
446 1528 557 1617 μέλλει
580 1533 736 1613 γίνεσθαι
761 1527 797 1593 ἐκ
823 1538 881 1613 τῆς
909 1528 1101 1607 συνθέσεως
1128 1543 1197 1596 τῶν

178 1638 221 1721 μὴ
245 1649 312 1703 τῶν
336 1637 447 1702 αὐτῶν
475 1647 585 1722 μερῶν
613 1634 777 1719 ἑκατέρων
804 1646 871 1701 τῶν
898 1637 1092 1722 τμημάτων,
1121 1629 1196 1704 οἷον

177 1729 907 1828 κτυχὸνῆῆῆξῆῖῆᾗῆάλλοςτις.

139 1875 164 1916 16
236 1849 309 1916 Ὅτε
337 1860 421 1934 γοῦν
448 1859 551 1916 ταῦτα
581 1851 848 1934 ἐπιταττοίμεθα,
881 1851 935 1915 δεῖ
960 1851 1001 1934 δὴ
1029 1872 1196 1934 προηγου-

178 1956 284 2041 μένως
308 1958 417 2023 ἐκεῖνα
441 1958 673 2023 ἐπιτάττεσθαι
695 1957 779 2022 ὥστε
800 1968 921 2042 χωρεῖν
941 1955 1041 2045 ἐντῷ
1061 1957 1195 2047 ἀριθμῷ

178 2064 292 2152 έκεάνφ
315 2062 370 2130 καὶ
393 2066 433 2129 τά
456 2064 538 2149 μέρη
562 2076 630 2128 τῶν
659 2074 770 2149 μερῶν
797 2061 852 2129 καλ
880 2064 940 2128 τὸν
969 2063 1005 2129 ἐκ
1032 2073 1089 2148 τῆς
1117 2082 1196 2130 συν-

177 2170 304 2248 θέσεως
330 2183 398 2236 τῶν
426 2182 536 2257 μερῶν
565 2170 763 2255 ἀμφοτέρων
793 2169 954 2256 ἀριθμόν·
986 2169 1069 2235 ἀλλά
1096 2181 1196 2237 τοῦτο

178 2274 239 2361 μὲν
271 2282 405 2362 μελήσει
436 2291 507 2355 τοῖς
539 2277 770 2343 ἐπιτάττουσιν
798 2279 855 2343 ἵνα
883 2279 927 2362 μὴ
956 2276 1095 2362 άμαθῶς
1128 2278 1196 2344 ἐπι-

139 2378 341 2468 εοτάττοιεν,
370 2383 451 2462 τέως
479 2381 516 2450 δέ
542 2383 598 2450 καλ
626 2386 685 2450 τὸν
713 2385 838 2449 λύοντα
867 2385 921 2449 δεῖ
941 2384 1135 2469 ἐμφανίζειν
1158 2389 1196 2452 τὸ

178 2491 319 2576 ἀμαθές,
351 2494 382 2557 εἰ
403 2493 561 2568 πολλάκις
588 2491 727 2575 ἀμαθῶς
756 2489 973 2556 έπιτάττοιτο·
1006 2494 1060 2557 δεῖ
1080 2490 1117 2556 δὲ
1141 2491 1197 2558 καὶ

176 2610 244 2664 τῶν
262 2597 525 2684 ἐπιταττομένων
543 2610 655 2684 μερῶν
672 2610 739 2664 τῶν
758 2596 922 2682 ἑκατέρων
940 2599 1119 2683 τμημάτων
1136 2601 1197 2664 τὸν

177 2705 309 2788 ἐλάττω,
334 2698 408 2771 οἷον
431 2707 491 2770 τὸν
511 2707 558 2770 6⁰⁹
575 2714 636 2770 τοῦ
654 2715 703 2787 7⁰⁰
721 2703 742 2788 ἢ
761 2706 821 2770 τὸν
840 2715 883 2770 εον
900 2714 961 2770 τοῦ
974 2717 1025 2790 7⁰⁰
1047 2704 1067 2789 ἢ
1087 2708 1197 2784 άλλως

177 2835 261 2897 πως,
283 2822 404 2878 τοῦτον
427 2821 512 2894 γοῦν
534 2813 594 2876 τὸν
618 2810 776 2877 ἐλάττονα
799 2813 859 2876 τὸν
882 2824 1016 2897 πρῶτον
1044 2813 1108 2878 άπὸ
1137 2836 1197 2898 μο-

138 2941 164 2982 ετ
177 2920 280 2996 νάδος
303 2919 532 3002 ἐκλαμβάνειν,
557 2919 601 2995 ὡς
625 2914 711 2984 εἶναι
730 2916 811 3003 φέρε
829 2921 867 2984 τὸ
887 2929 936 2984 αθν
952 2928 1013 2985 τοῦ
1032 2920 1082 2983 (5⁰³²
1101 2905 1124 2984 δ
1140 2917 1196 2985 καὶ

176 3027 213 3091 τὸ
238 3035 286 3091 αθν
308 3034 368 3090 τοῦ
392 3034 436 3090 ⁶⁰⁰
452 3034 485 3108 ε,
514 3023 570 3091 καὶ
594 3026 699 3102 οὕτως
725 3024 983 3112 ἀφαιρουμένων
1006 3037 1074 3092 τῶν
1095 3037 1113 3092 ε
1137 3051 1195 3111 μο-

249 3241 354 3291 22-23
377 3235 426 3290 τὸν
451 3231 566 3309 ἐλάττω]
590 3237 620 3290 in
642 3236 771 3306 margine
794 3236 923 3321 addim-lm
948 3237 1004 3291 est:
1033 3246 1123 3292 ταῦτα
1146 3238 1195 3293 καλ

177 3323 369 3396 ἀντιστρόφως
387 3322 516 3395 λέγονται
535 3323 602 3380 ὅταν
617 3325 690 3380 κατδι
703 3326 790 3410 τὸν]
809 3325 858 3380 καὶ
876 3328 894 3380 δ
913 3326 1039 3397 ἀριθμὸν
1054 3321 1196 3397 ἐννοῶμεν

176 3414 226 3469 τὸν
244 3429 288 3485 μοι
306 3413 355 3468 καλ
373 3414 422 3469 τδν
442 3417 498 3468 δῦν’
517 3418 619 3485 μείζων
638 3415 691 3485 γάρ
711 3414 726 3470 ὁ
745 3418 763 3469 δ
782 3424 830 3469 τοῦ
849 3422 878 3484 μ’
903 3414 991 3478 ἄλλως
1013 3412 1044 3469 δὲ
1069 3415 1142 3469 κατὰ
1162 3415 1196 3470 τὰ

176 3502 262 3574 μόρια
279 3504 310 3558 τὸ
331 3505 375 3558 δον
393 3511 442 3558 τοῦ
461 3517 507 3572 μου
527 3502 648 3560 ἔλαττον.
694 3509 800 3558 25-26
820 3501 889 3574 φέρε
908 3503 939 3558 τὸ
955 3514 973 3558 ᾶ
987 3512 1036 3559 τοῦ
1051 3491 1070 3558 δ
1083 3506 1129 3558 δον
1147 3504 1196 3559 καλ

176 3576 207 3630 τδ
226 3585 245 3630 οἳ
263 3584 312 3629 τοῦ
332 3583 345 3629 ἓ
362 3587 402 3630 εον
420 3575 482 3629 οοδ.
