2578 3984
350 178 601 234 PAGHYMERAE
620 180 877 238 PARAPHRASIS.
1059 181 1123 246 105

106 344 283 428 γλαφυρὸν
316 345 352 408 ἔτι
383 366 475 420 τινος
509 343 655 429 ἀρρήτου
692 342 893 428 ἐπινοῆσεως
924 340 1122 429 συμβαῖνον,

107 451 159 515 ὅτι
177 459 245 515 τῶν
259 448 512 534 ἀπαιτουμένων
527 449 684 534 μονάδων
698 460 757 534 τῆς
770 452 934 538 ὑπεροχῆς
950 452 987 516 τὸ
1001 453 1124 528 πλάτος

105 554 186 622 καθ’
214 555 232 622 δ
255 554 394 622 καὶτὸν
421 557 670 622 πολλαπλάσιον
694 561 854 642 ζητοῦμεν
876 557 897 642 ῆ
922 558 1079 642 δεύτερον
1102 558 1122 642 ῆ

104 666 220 749 τρίτον
242 662 263 747 ῆ
287 661 444 749 τέταρτον
467 660 523 728 καὶ
546 662 677 748 ἐφεξῆς,
706 664 809 730 αὑτὸν
837 659 923 730 εἶναι
947 668 1123 750 συμβαίνει

103 772 165 836 τὸν
183 770 362 854 ὑπόλογον.
400 771 431 835 εί
448 767 509 855 μὲν
526 771 546 836 τι
565 768 651 836 εἰσὶν
669 771 706 836 αί
722 772 865 855 μονάδες
886 781 943 856 τῆς
959 772 1124 858 ὑπεροχῆς
1151 796 1163 836 ε

105 875 162 943 καὶ
186 877 222 943 ἐν
245 887 316 954 τοῖς
339 880 596 954 πενταπλασίοις
622 879 704 942 κατά
730 879 790 942 τὸν
817 879 1123 964 ὑποτετραπλάσιον

103 987 165 1050 τὸν
186 992 204 1050 ε
230 988 389 1069 ζητοῦμεν
411 985 471 1049 τὸν
494 981 643 1069 πέμπτον
666 985 927 1068 πενταπλάσιον,
954 983 1010 1050 καὶ
1033 984 1123 1052 ἐστιν

103 1092 206 1168 αὐτὸς
233 1090 251 1157 ὁ
279 1102 294 1156 ὲ
322 1091 489 1175 ὑπόλογος
514 1101 576 1156 τοῦ
603 1111 653 1157 κε
687 1087 784 1169 οὗτος
815 1094 878 1177 γάρ
908 1087 951 1176 ἦν
978 1091 1124 1174 πέμπτος

102 1197 348 1274 πενταπλάσιος
370 1199 505 1283 πρὸς
476 1221 535 1263 τον
559 1223 583 1263 ε.
621 1200 652 1263 εἰ
674 1196 710 1264 δὲ
733 1207 792 1283 τῆς
821 1199 985 1284 ὑπεροχῆς
1007 1201 1045 1264 αι
1065 1223 1123 1299 ⁵⁴0„-

102 1306 205 1383 νάδες
227 1307 303 1388 βί
272 1303 358 1370 εἰσὶν
383 1305 428 1382 ὡς
456 1303 509 1369 ἐπὶ
536 1313 597 1370 τοῦ
625 1303 785 1390 δευτέρου
813 1307 990 1371 διπλασίου
1017 1315 1079 1371 τοῦ
1103 1292 1123 1370 δ
1137 1331 1163 1370 10

102 1415 188 1497 πρὸς
214 1415 274 1478 τὸν
296 1415 333 1497 β,
364 1411 464 1488 αὐτὸς
491 1411 598 1495 ὁβέ
582 1410 673 1477 ἐστὶν
701 1411 719 1477 ὁ
747 1423 808 1478 τοῦ
836 1414 1013 1481 διπλασίου
1040 1413 1123 1498 πρὸς

1 1504 2 1509 ¹
102 1521 165 1586 τὸν
193 1519 296 1585 αὑτὸν
325 1505 347 1583 δ
371 1518 546 1600 ὑπόλοχος.
586 1517 643 1583 καὶ
671 1516 725 1584 ἐπὶ
752 1529 820 1584 τῶν
850 1521 961 1585 ἀλλων
990 1519 1122 1604 ὁμοίως,

1 1707 2 1711 ¹
103 1628 161 1692 ἵνα
185 1627 229 1712 μῆ
253 1619 331 1691 καθ’
359 1624 498 1690 ἕκαστον
521 1622 682 1710 λέγωμεν·
715 1625 818 1692 αὐτὸν
846 1629 909 1711 γάρ
937 1627 1123 1712 εὑρήσομεν

102 1735 164 1799 τὸν
197 1733 366 1815 ὑπόλογον
401 1732 506 1809 εὐθὺς
542 1731 738 1797 ἀπαντῶντα
775 1742 836 1799 τοῦ
871 1735 1123 1799 πολλαπλασίου

102 1842 186 1908 κατά
209 1841 267 1916 τάς
296 1839 446 1925 μονάδας
472 1849 540 1903 τῶν
566 1840 756 1925 ὑπεροχῶν,
787 1839 851 1905 κάν
881 1840 985 1925 αὐτὴν
1012 1850 1122 1906 πᾶσαν
1138 1863 1163 1903 15

101 1949 165 2032 τῆν
189 1947 357 2031 ὑπεροχὴν
380 1945 652 2031 λαμβάνωμεν,
635 1971 680 2023 ως
702 1944 756 2012 ἐπὶ
778 1956 839 2013 τοῦ
863 1949 1041 2012 διπλασίου
1062 1956 1122 2012 τοῦ

101 2056 239 2141 πρώτου
262 2056 284 2138 β
306 2055 432 2139 πρὸς·
411 2078 431 2118 α
454 2052 593 2120 καὶτοῦ
617 2052 777 2139 δευτέρου
800 2040 821 2119 δ
843 2057 965 2140 πρὸςβ
988 2054 1123 2121 καὶτοῦ

92 2164 219 2248 ,τρίτου
242 2163 262 2230 ξ
284 2162 409 2247 πρὸς
389 2179 422 2242 χ
451 2159 468 2226 ὁ
499 2159 598 2237 αὐτὸς
624 2161 687 2247 γάρ
716 2160 785 2226 ἐστι
812 2160 867 2226 καί
894 2163 1040 2248 ὑπεροχὴ
1068 2160 1123 2228 καὶ

103 2269 282 2350 ὑπόλοχος·
311 2266 374 2332 κάν
402 2266 447 2343 ὡς
469 2264 523 2331 ἐπὶ
546 2275 607 2332 τοῦ
633 2271 848 2351 τριπλασίου,
881 2269 934 2334 ὅτε
963 2272 1123 2354 ζητοῦμεν

100 2376 163 2440 τὸν
186 2375 313 2459 ῆμισυν
335 2385 403 2438 τῶν
426 2374 585 2457 μονάδων
607 2383 665 2458 τῆς
688 2375 863 2460 ὑπεροχῆς·
895 2375 913 2440 ὑ
938 2375 1036 2452 αὐτὸς
1058 2377 1121 2460 γάρ
1137 2399 1163 2438 20

102 2481 196 2548 ἐστιν
220 2481 237 2546 ὁ
261 2481 298 2546 τὸ
324 2480 446 2557 πλάτος
474 2482 558 2565 ἔχων
585 2490 643 2564 τῆς
671 2481 834 2567 ὑπεροχῆς
860 2479 916 2545 καὶ
942 2481 1120 2564 ὑπόλογος·

102 2581 179 2654 οἷον
202 2586 262 2653 δ’
244 2607 263 2656 ς
286 2595 347 2653 τοῦ
370 2591 391 2670 β
415 2588 570 2671 δεύτερος
591 2588 796 2673 τριπλάσιος,
818 2586 872 2652 καὶ
896 2588 916 2671 ῆ
935 2587 1081 2672 υπεροχῆ
1102 2591 1122 2653 δ

102 2692 145 2762 οὑ
168 2696 206 2760 τὸ
229 2695 332 2780 ῆμισυ
356 2699 390 2778 β·
415 2694 570 2779 δεύτερος
592 2703 677 2778 γοῦν
700 2695 894 2780 τριπλάσιος
918 2689 1015 2770 οὗτος
1040 2695 1122 2758 κατά

99 2803 139 2867 τὸ
173 2801 296 2878 πλάτος
327 2811 394 2865 τῶν
425 2804 446 2883 β
476 2801 635 2884 μονάδων
666 2810 724 2885 τῆς
755 2801 918 2885 ὑπεροχῆς
933 2802 1031 2865 ,κατὰ
1062 2802 1122 2865 τὸν

101 2911 230 2975 κανόνα
254 2908 294 2974 ὃν
318 2906 490 2992 ἐλέγομεν,
517 2905 573 2972 καὶ
602 2906 619 2972 ὁ
647 2907 813 2991 ὑπόλογος
840 2908 961 2973 τούτου
989 2910 1011 2991 β
1039 2906 1121 2973 ἐστι’·
1136 2930 1162 2970 τε

101 3015 157 3082 καὶ
182 3015 269 3081 οὑτω
293 3015 334 3098 δὴ
360 3011 412 3078 ἐπὶ
435 3013 579 3079 πάντων.

170 3147 202 3207 μ.
244 3122 382 3186 Κείσθω
410 3121 523 3185 κανὼν
550 3122 730 3199 καθολικὸς
758 3119 812 3186 ε’πί
838 3130 919 3187 πᾶσι
945 3130 1015 3198 τοῖς
1041 3143 1121 3207 προ-

102 3232 270 3316 βλήμασιν
294 3227 312 3294 ὑ
336 3235 497 3312 τοιοῦτος,
521 3228 601 3292 ὅταν
625 3228 872 3313 ἐπιταττώμεθα
895 3229 955 3293 τὸν
976 3227 1121 3294 δοθέντα

102 3336 251 3422 ἀριθμὸν
290 3335 432 3420 διαιρεῖν
465 3335 512 3411 είς
544 3335 606 3399 δύο
639 3333 806 3420 ἀριθμοὺς
838 3335 927 3412 ὅπως
959 3333 1122 3420 ἑκατέρων

101 3454 169 3508 τῶν
193 3439 406 3527 διῃρημένων
428 3441 468 3506 τά
492 3440 637 3506 δοθέντα
661 3442 704 3526 μῆ
728 3441 769 3506 τά
793 3441 876 3507 αὐτδι
904 3445 1009 3526 μόνον
1038 3442 1120 3528 μέρη
1135 3464 1161 3504 ω

40 3569 49 3578 ‘
173 3580 513 3652 27010ph.pr0b1.1‚5.
