2568 3980
159 181 221 246 138
429 181 582 239 SOHOLIA
599 184 639 238 IN
657 181 909 240 DIOPHANTUM.

220 341 310 410 Ἐπεὶ
341 349 458 411 τοίνυν
490 347 570 412 ὅλον
599 348 636 412 τὸ
664 351 729 412 ΑΒ
738 349 802 411 ΓΔ
828 347 1177 431 παραλληλόγραμμον

157 451 314 537 μονάδων
332 451 400 519 ἐστὶ
420 438 451 535 δ,
471 449 593 518 ἔστιδὲ
610 449 665 517 καὶ
684 454 721 519 τὸ
736 456 813 517 AN
826 455 1176 537 παραλληλόγραμμον

156 560 259 644 ὅμισυ
277 568 337 625 τοῦ
356 562 493 624 ΑΒΓΔ
511 559 860 645 παραλληλογράμμου
880 557 913 644 (ἡ
933 559 996 643 γάρ
1015 561 1089 623 ΘΝ
1099 560 1177 643 δίχα

157 666 238 731 αύτὸ
262 663 399 754 τέμνει),
424 665 504 731 αὐτὸ
529 667 593 752 άρα
616 667 653 732 τὸ
677 669 754 730 AN
772 665 930 750 μονάδων
953 667 1043 730 ἔσται
1062 668 1096 748 β·
1120 661 1177 730 καὶ

129 771 321 841 σδέδεικται
345 773 435 850 ὅπως
454 774 491 838 τὸ
511 772 719 859 άριθμοστὸυ
743 771 796 837 ἐπὶ
818 774 880 856 τὴν
902 771 1058 856 δύναμιν,
1080 795 1178 837 τουτ-

156 879 225 944 έστι
243 881 280 945 τὸ
300 884 368 945 ΑΘ
392 877 445 945 ἐπὶ
467 881 529 964 τὴν
548 879 628 961 AB,
656 880 693 944 τὸ
718 880 874 962 δυοστὸν,
899 877 955 944 εἴτ’
980 873 1043 945 οὖν
1061 879 1177 962 ἥμισυ,

156 984 209 1052 έιτὶ
227 989 286 1051 τὸν
306 973 327 1052 δ
345 987 504 1073 ἀριθμόν,
523 988 582 1052 τὸν
601 990 623 1070 β
641 997 732 1051 ποιεί
747 987 785 1051 τὸ
800 990 887 1051 AN·
905 987 943 1051 τὸ
957 987 1020 1069 γάρ
1036 988 1177 1050 ΑΒΓΔ

155 1096 501 1179 παραλληλόγραμμον
525 1093 605 1159 ὅλον
628 1093 792 1159 τοιούτων
814 1089 882 1158 ἐστὶ
901 1092 1072 1178 τεσσάρων
1092 1092 1176 1157 οἴων

155 1201 191 1265 τὸ
215 1203 291 1264 AN
311 1200 383 1265 δύο.

116 1336 142 1376 ιο
218 1304 355 1392 Ὁμοίως
379 1304 416 1372 δὲ
435 1304 491 1372 καὶ
510 1305 569 1371 ἐάν
587 1302 648 1391 μὲν
666 1307 704 1371 τὸ
723 1306 833 1391 <ΑΘ>
853 1305 1061 1391 άριθμοστὸν
1079 1303 1175 1391 μένῃ,

154 1412 175 1495 ἡ
201 1408 238 1478 δὲ
260 1418 326 1477 ΑΒ
345 1422 366 1497 ἦ
389 1413 547 1498 μονάδων
571 1413 730 1498 ὑποτεθῇ,
753 1414 828 1496 ἤτοι
847 1413 963 1496 κύβος·
986 1412 1057 1479 ἐπεὶ
1073 1413 1176 1478 πάλιν

156 1519 236 1585 ὅλον
254 1521 292 1584 τὸ
311 1521 449 1584 ΑΒΓΔ
467 1518 624 1603 μονάδων
642 1528 664 1603 ἦ
682 1521 784 1601 ἔσται,
803 1519 823 1602 ἡ
844 1516 881 1584 δέ
900 1520 974 1583 ΘΝ
990 1520 1066 1604 δίχα
1084 1530 1179 1603 τεμεί

156 1625 248 1709 αύτύ,
271 1628 308 1692 τὸ
330 1627 395 1709 άρα
413 1632 446 1690 A
453 1628 491 1689 N
510 1627 668 1710 μονάδων
687 1628 779 1692 ἔσται
795 1611 829 1708 δ,
853 1625 1002 1692 τουτέστι
1021 1625 1176 1709 δύναμις,

155 1730 210 1797 καὶ
234 1732 356 1816 ὁμοίως
379 1730 430 1797 έιιλ
455 1743 522 1798 τῶν
545 1737 681 1798 λοιπῶν.

117 1869 142 1907 ιε
223 1837 283 1904 15.
316 1840 584 1922 Δυναμοστὸν
616 1837 678 1904 έιιὶ
715 1839 889 1925 ἀριθμὸν
925 1839 1176 1924 άριθμοστὸν

155 1956 271 2011 ποιεῖ.
296 1948 379 2011 ἔστω
394 1947 606 2030 δυναμοστὸν
620 1947 657 2010 τὸ
669 1947 727 2030 δον,
742 1946 886 2031 ἀριθμὸς
901 1942 937 2012 δέ
952 1945 970 2012 ὅ
985 1949 1020 2030 β
1035 1944 1176 2030 λέγομεν

156 2047 218 2116 οὖν
238 2049 290 2129 δὶς
312 2053 348 2118 τὸ
369 2054 427 2138 δον,
445 2057 466 2137 β
485 2053 635 2139 τέταρτα·
658 2055 699 2117 τά
719 2049 755 2118 δὲ
774 2057 795 2137 β
813 2052 951 2138 τέταρτα
969 2054 1072 2138 ἥμισύ
1095 2053 1176 2135 ἐστι,

155 2156 210 2224 καὶ
234 2157 374 2242 γέγονεν
398 2159 605 2246 άριθμοστὸν
628 2161 665 2224 τὸ
691 2161 844 2226 δυοστόν.
879 2163 931 2243 [τὸ
956 2156 992 2225 δὲ
1016 2161 1176 2240 δυοστόν]

217 2264 356 2352 Ὁμοίως
386 2265 644 2351 <δυναμοστὸν>
676 2266 729 2332 ἐπὶ
760 2268 866 2351 κύβον
899 2267 1046 2352 ἀριθμὸν
1078 2278 1176 2334 ιιοιεῑ.

1 2425 2 2428 ¹
117 2401 143 2440 20
158 2374 240 2437 έστω
259 2373 323 2457 γάρ
343 2373 555 2458 δυναμοστὸν
574 2370 635 2459 μὲν
653 2376 691 2441 τὸ
711 2375 769 2458 δ’,
792 2375 895 2457 κύβος
914 2370 951 2439 δὲ
969 2375 1010 2438 τά
1028 2383 1061 2458 ι’γ·
1082 2372 1177 2458 λέγο-

155 2502 217 2560 μεν
241 2473 317 2543 οὖν·
341 2477 473 2556 ὀκτάκις
495 2481 532 2545 τὸ
557 2481 615 2564 δον,
639 2491 660 2564 ἦ
682 2479 837 2567 τέταρτα,
867 2482 908 2546 τά
932 2477 969 2546 δὲ
992 2490 1013 2565 ἦ
1036 2478 1175 2566 τέταρτα

155 2570 177 2668 Β
200 2585 343 2669 μονάδες
366 2587 441 2669 είσί,
465 2585 520 2652 καὶ
543 2585 682 2671 γέγονεν
705 2588 850 2674 ἀριθμὸς
872 2587 890 2654 ὅ
914 2591 944 2671 β.

213 2691 321 2758 Ἔστω
341 2689 378 2757 δὲ
396 2690 451 2758 καὶ
471 2689 523 2758 ἐπὶ
543 2695 791 2778 διαγράμματος
806 2697 919 2779 δῆλον.
947 2693 1176 2760 ἐκκείσθωσαν

1 2831 3 2838 >
156 2798 218 2863 δύο
243 2798 374 2864 εὐθεῖαι
397 2800 480 2884 τρὸς
503 2799 609 2886 ὀρθάς
628 2801 785 2887 ἀλλήλαις
804 2803 841 2866 αί
856 2806 923 2867 ΑΒ
946 2800 1001 2867 καὶ
1020 2805 1097 2885 ΑΓ,
1120 2798 1175 2866 καὶ

1 2949 2 2954 1
116 2931 142 2972 ει
183 2933 199 2960 α
317 2935 327 2962 ε
449 2922 466 2984 ί
502 2911 586 2975 ἔστω
613 2908 634 2992 ἡ
657 2906 808 2992 μδνΑΒ
833 2909 990 2994 μονάδων
1018 2893 1054 2992 Β,
1087 2909 1107 2992 ἡ
1138 2905 1175 2973 δέ

172 2985 479 3105 ὅψ--λ
502 3018 573 3080 ΑΓ
586 3014 732 3100 μονάδος
746 3025 781 3080 ᾶ·
799 3013 855 3081 καὶ
870 3015 1118 3101 ἀναγεγράφθω
1137 3016 1175 3080 τὸ

327 3094 483 3194 --ὅ
502 3119 559 3187 ὑπ’
596 3122 707 3188 αὐτῶν
749 3124 1095 3209 παραλληλόγραμμον
1136 3123 1174 3187 τὸ

182 3259 197 3299 ι
317 3258 332 3287 κ
450 3243 465 3288 δ
501 3232 650 3314 ΑΒΓΔ,
669 3227 723 3296 καὶ
744 3228 1039 3316 διῃρήσθωὴΑΒ
1054 3231 1100 3306 είς
1118 3229 1177 3305 τάς

158 3336 220 3402 δύο
239 3337 398 3422 μονάδας,
416 3339 478 3421 τήν
496 3361 531 3402 τε
550 3341 618 3402 ΑΒ
634 3334 689 3402 καὶ
709 3341 781 3402 ΕΒ.
817 3333 873 3401 καὶ
892 3335 961 3402 έτιεὶ
979 3335 1093 3420 ἡΑΒ,
1112 3336 1174 3400 δύο

230 3569 263 3619 18
281 3564 312 3619 τδ
331 3563 363 3620 δὲ
382 3561 501 3620 δυοστδν
521 3564 633 3620 seclusi.
