2570 3988
156 179 160 184 ’
251 185 299 238 DE
318 182 530 239 DIOPHANTO
550 182 771 238 TESTIMONIA
790 183 976 240 VETERUM.
1075 181 1151 274 391·

104 371 188 414 τατα
211 348 459 434 προσεφώνησε.
489 345 544 412 καὶ
567 353 668 424 εἴτις
690 348 748 424 τδις
770 346 928 412 ἐντεῦθεν
952 348 1120 432 μεθόδους

105 455 224 540 εἰδείη,
246 457 286 521 τὰ
308 457 563 540 προβαλλόμενα
586 454 688 532 ἐνίοις
710 453 747 519 ἐν
770 465 839 531 τοῖς
862 452 1032 540 ἐμμέτροις
1050 453 1119 520 ἐπι-

103 563 299 647 γράμμασιν
322 560 523 647 ἀριθμητικὰ
549 563 765 645 προβλήματα
794 559 982 644 σαῳέστατα
1006 562 1119 626 διαλύ-

104 686 183 734 σειε.
229 669 270 733 τὰ
299 665 362 752 μὲν
388 669 453 753 γδρ
482 669 612 733 τούτων
641 668 809 733 διαλύεται
841 668 897 732 διδι
927 669 1027 734 τοῦδε
1058 678 1118 734 τοῦ

102 777 323 861 θεωρήματος
354 783 412 858 τής
443 777 658 858 αόγυπτιακής
690 774 893 857 ἀναλύσεως,
926 776 966 839 τὰ
999 773 1036 840 δὲ
1069 773 1115 841 δι’
1146 802 1159 842 ε

104 880 235 965 ἑτέρου·
265 883 319 947 δεῖ
342 883 406 968 γὰρ
433 884 492 948 τὸν
520 884 792 967 προβεβλημένον
819 881 965 966 ἀριθμὸν
996 883 1120 948 διελεῖν

104 988 126 1072 ή
159 987 197 1054 ἐν
230 987 383 1076 ἐπιτρίτῳ
416 991 503 1077 λόγῳ
538 987 559 1072 ή
591 987 628 1053 ἐν
660 988 856 1078 ἐπιτετάρτῳ
887 988 908 1073 ή
946 987 982 1054 ἐν
1020 987 1119 1077 ἑτέρῳ

104 1096 261 1182 τοιούτῳ·
284 1093 339 1160 καὶ
363 1095 426 1162 ἀπὸ
445 1105 503 1178 τής
520 1096 673 1180 τοιαύτης
698 1096 890 1179 διαιρέσεως
912 1095 1119 1161 εὐσύνοπτον

104 1204 143 1268 τὸ
172 1200 445 1287 προβεβλημένον
472 1203 652 1286 γενήσεται.
698 1200 753 1267 καὶ
780 1211 883 1267 ταῦτα
906 1199 966 1287 μδν
990 1200 1043 1267 ἐπὶ
1066 1226 1119 1268 το-

104 1311 229 1375 σοῦτόν
253 1326 316 1376 σοι.
1135 1337 1161 1377 10

170 1409 260 1481 Ἐπεὶ
293 1411 329 1480 δέ
361 1415 544 1499 θαυμάζειν
573 1421 697 1492 εἴωθας
727 1417 805 1493 τοὺς
835 1425 1120 1501 καταμετροῦντας

105 1525 209 1588 λίθον
231 1523 439 1606 τετράγωνον
461 1520 481 1605 ή
510 1522 716 1606 στρογγύλον
743 1521 764 1606 ή
793 1522 894 1600 ξύλον
921 1531 1075 1588 τοιοῦτον
1097 1523 1118 1608 ή

104 1633 266 1714 μείουρου
293 1629 314 1714 ή
343 1631 542 1712 ἰσόπλευρον
564 1627 585 1713 ή
614 1629 749 1713 σχεδίαν
773 1627 793 1712 ή
820 1632 916 1694 κίονα
938 1628 959 1712 ή
983 1631 1063 1695 άλλο
1087 1653 1118 1695 τι

104 1748 173 1802 τῶν
195 1737 369 1819 τοιούτων,
397 1735 563 1819 βούλομαί
587 1751 641 1799 σοι
669 1733 724 1800 καὶ
751 1746 809 1820 τῆς
831 1736 959 1801 τούτων
981 1760 1118 1821 καταμε-

104 1846 250 1927 τρήσεως
278 1842 439 1925 εύκρινεῖς
466 1843 634 1925 μεθόδους
660 1853 841 1927 παρασχεῖν
864 1843 909 1920 ὡς
936 1841 978 1907 δν
1006 1842 1118 1929 μηκέτι
1133 1869 1159 1909 ιε

104 1950 206 2027 αὐτὸς
228 1949 400 2035 θαυμάζῃς
423 1947 568 2034 ἑτέρους,
597 1948 680 2014 άλλά
704 1966 741 2014 σε
763 1950 981 2034 θαυμάζωσιν
1004 1950 1119 2033 ἕτεροι.

164 2055 259 2121 Ἔστι
287 2054 324 2121 δὲ
350 2066 417 2121 των
446 2053 621 2143 στερεωνῑ)
649 2059 722 2140 εἴδη
748 2059 836 2142 τρία·
865 2057 1117 2142 εύθυμετρικόν,

104 2163 275 2246 ἐπίπεδον,
298 2161 353 2228 καὶ
376 2164 518 2246 στερεόν.
551 2161 793 2249 εὐθυμετρικὸν
816 2162 877 2248 μέν
893 2163 969 2229 ,ἐστι
992 2173 1058 2229 πᾶν
1081 2165 1118 2229 τὸ

103 2271 188 2334 κατὰ
211 2279 314 2353 μήκος
336 2269 572 2354 μετρούμενον,
596 2267 753 2335 ἐπίπεδον
773 2265 809 2334 δέ
832 2271 870 2335 τὸ
893 2269 930 2335 ἐν
950 2273 1044 2355 μήκει
1063 2268 1118 2336 καὶ

103 2377 235 2460 πλάτει,
264 2377 399 2462 στερεὸν
423 2372 459 2441 δέ
487 2376 568 2441 αὐτὸ
595 2378 633 2441 τὸ
657 2376 806 2460 συνάγον
828 2377 889 2460 τήν
912 2387 979 2442 τῶν
1001 2378 1117 2442 ποδῶν
1131 2403 1158 2442 εο

102 2485 315 2567 συναγωγήν.

170 2589 226 2656 καὶ
263 2591 294 2655 εό
328 2589 442 2672 βούλει
478 2591 640 2675 πρότερον
678 2586 730 2654 ἐπὶ
768 2591 920 2673 βόθυνον
953 2591 1116 2673 άσβεστον

103 2699 223 2782 ἔχοντα
246 2698 308 2781 τήν
329 2695 518 2780 ἐμμέθοδον
537 2697 745 2780 ποιησόμεθα
764 2693 1018 2780 καταμέτρησιν·
1037 2719 1118 2779 προ·

104 2805 283 2888 βεβλήσθω
306 2810 391 2885 γοῦν
413 2801 493 2886 ἡμῖν
515 2801 626 2887 εὑρεῖν
649 2801 784 2868 ὁπόσων
800 2803 914 2867 ποδῶν
934 2801 951 2867 ὁ
970 2804 1118 2886 βόθυνος

178 3016 205 3082 1)
225 3010 264 3066 cf.
284 3011 405 3068 Ηινοιιλε
423 3012 612 3068 Αλιπααιλνλιιι·
633 3015 853 3084 γαοκιανλοονιαα
870 3020 896 3069 et
913 3016 1118 3070 stereometrico-

103 3084 312 3210 ἕτειρηρρτλέηενλμε
325 3083 378 3152 (οδ.
391 3083 521 3186 Ηαλλεολε,
537 3083 660 3140 Berolini
670 3088 759 3154 1864),
774 3103 800 3154 p.
813 3089 872 3154 188,
887 3102 988 3155 nempe
997 3085 1117 3140 Heronis

253 3198 259 3223 ‚
298 3196 303 3210 .

178 3349 359 3406 λείδέναιθ.
397 3353 535 3406 6διελεῖν
550 3368 603 3406 om.
617 3349 643 3407 S.
681 3356 715 3404 10
734 3369 778 3405 σοι
792 3367 846 3407 om.
857 3351 884 3408 S.
921 3358 951 3405 11
974 3353 1080 3415 εἴωθας
1091 3353 1118 3421 S,

7 3469 8 3474 ,
105 3441 152 3493 μοι
173 3420 267 3486 ἔοικας
285 3423 314 3477 L.
361 3427 394 3476 13
414 3423 537 3493 μύουρον
557 3422 583 3486 S.
631 3427 664 3478 16
683 3421 840 3492 θαυμάζοις
854 3425 885 3478 L.
930 3427 963 3476 20
977 3426 1073 3478 ποδῶν
1087 3424 1117 3494 L,

103 3502 204 3620 ἰτρῳῶΙγ
232 3493 258 3550 S.
332 3500 450 3548 22-23
479 3494 605 3567 βοθύνον
634 3536 640 3550 .
666 3534 672 3547 .
701 3491 812 3564 ἐγοντος
838 3493 868 3548 L.
936 3500 971 3548 24
997 3503 1067 3564 γοῦν
1091 3494 1118 3562 S,
