2570 3988
201 149 304 204 XXXII
565 153 842 205 PROLEGOMENA.

271 315 320 378 19.
355 312 470 378 Elidem
503 313 614 397 generi
646 313 886 379 attribuendum
919 315 1047 379 videtur
1084 313 1142 400 (ex
1174 316 1212 380 ti-

202 421 284 484 tulo:
305 419 502 503 Διοφάντου
517 415 757 504 Ἀλεξανδρέως
775 420 975 507 dompnum}
994 445 1025 505 οι,
1049 422 1105 505 qui
1118 421 1212 506 Vati-

204 548 318 591 canum
341 527 407 591 200
435 531 472 591 ut
499 525 621 591 fontem
650 524 789 613 indicat)
818 528 947 592 initium
976 529 1082 613 operis
1111 549 1212 612 usque

205 633 245 697 ad
272 633 370 698 verba
398 630 451 697 ἐπὶ
481 625 518 697 db
546 633 574 696 d.
602 631 650 718 (Ι,
674 634 708 712 8,
732 633 770 718 3)
805 655 877 698 cum
908 635 1139 700 commentario
1171 636 1212 700 ab

203 740 330 825 Angelo
354 738 509 826 Vergetio
537 741 570 803 in
598 740 806 806 Ambrosiaao
831 741 857 822 Q
879 746 942 806 121
964 761 1030 824 sap.
1059 739 1105 826 (f0
1123 742 1210 805 44—

203 843 264 932 59)
289 844 494 931 descriptum.

268 971 321 1035 20.
353 970 500 1035 Tertium
523 990 625 1054 genus
648 969 834 1036 Planudeae
858 972 970 1036 classis
995 972 1120 1037 codices
1144 977 1213 1037 tres

202 1078 254 1141 vel
276 1077 388 1142 forsan
411 1077 553 1162 quinque
577 1079 803 1162 complectitur
827 1099 866 1141 ex
893 1079 1038 1162 principe
1061 1077 1213 1144 Parisino

203 1181 362 1270 O(supra
384 1182 422 1272 4)
446 1189 544 1250 ortos.
591 1181 681 1249 Sicut
708 1183 828 1270 integri
852 1185 976 1250 codices
1001 1186 1133 1250 secundi
1159 1206 1214 1270 ge-

203 1291 288 1355 neris
316 1313 388 1356 curn
412 1289 602 1374 Diophanto
632 1291 898 1355 commentarium
922 1290 1120 1356 Planudeum
1142 1289 1214 1356 Oal-

204 1397 330 1482 culique
357 1395 462 1462 Indici
490 1396 709 1482 fragmentum
737 1419 849 1462 omnes
879 1398 1044 1481 exhibent3
1077 1397 1146 1482 scd,
1176 1403 1214 1463 ut

203 1503 269 1567 iam
302 1503 382 1587 dixi,
413 1506 488 1588 post
520 1503 809 1568 Arithmeticorum
842 1505 922 1570 duos
954 1505 1078 1589 priores
1111 1505 1213 1570 libros

201 1611 337 1675 classem
360 1610 392 1674 A
416 1611 506 1695 sequi
529 1610 688 1675 ridentur.
1039 1598 1041 1604 ’

270 1737 499 1801 Τοννννονεννν
524 1733 637 1801 ΟΙΙΙ
656 1740 697 1800 16
721 1734 777 1820 (73
802 1733 942 1823 Pasini),
971 1736 1048 1801 olim
1075 1735 1214 1820 Collegii

204 1841 354 1906 Patavini
378 1840 550 1907 Societatis
573 1840 657 1924 Iesu,
682 1843 876 1926 subscripsit
900 1841 1133 1908 Constantinus
1152 1841 1213 1908 Pa-

203 1984 379 2067 laeocappa
417 1953 609 2070 (Knvoccii.
638 1987 786 2069 γραφεὺς
809 1982 932 2068 Ἕλλην
959 1984 1125 2060 nominatas
1153 1985 1215 2050 τὸν

204 2093 322 2174 βίβλον
343 2087 436 2155 τόνδ’
458 2089 632 2178 ἐπέραινε),
657 2093 711 2176 qui
731 2115 769 2156 cx
785 2090 813 2156 O
832 2090 1055 2175 Hipparchum
1079 2093 1113 2154 in
1133 2093 1214 2156 Ara·

202 2203 273 2260 tum
302 2195 491 2281 Diophanto
526 2198 657 2263 addidit.
708 2199 745 2263 In
775 2199 976 2284 marginibus
1006 2199 1137 2264 notulae
1167 2198 1216 2262 in-

205 2306 281 2366 sunt
299 2302 403 2368 XVII.
421 2304 540 2368 saeculi
564 2325 636 2369 cum
661 2305 800 2370 arabicis
824 2327 905 2390 quae
930 2309 1046 2370 vocant
1070 2305 1166 2369 cifris.

269 2428 320 2492 21.
359 2427 546 2492 Parisiuum
568 2431 808 2495 Arseucceaseru
831 2434 917 2495 8406
938 2460 980 2482 =
1005 2429 1041 2493 X
1069 2427 1214 2494 Christo-

203 2535 324 2618 phorus
348 2535 476 2599 Auerna
505 2535 691 2622 descripsit,
718 2559 817 2622 quum
845 2537 949 2600 adhuc
972 2535 1093 2600 Romae
1120 2536 1215 2601 credo

204 2640 303 2706 codex
327 2639 354 2707 Ο
376 2638 466 2727 (tunc
490 2643 661 2707 cardinalis
685 2642 819 2728 Ridolfi)
842 2647 972 2726 praesto
997 2647 1073 2706 erat.

268 2767 326 2851 22,
354 2766 406 2830 23.
444 2765 649 2832 Scorictcnscs
676 2767 830 2851 sal-15,
858 2766 1007 2851 Philippo
1031 2766 1073 2831 ΙΙ.
1101 2767 1172 2852 regi
1196 2790 1217 2832 a

202 2872 322 2937 Iacobo
355 2872 545 2939 Diassorino
583 2874 763 2958 dedicatus,
801 2873 855 2937 sed
891 2896 954 2939 non
989 2872 1144 2959 scriptus,
1182 2877 1217 2938 et

202 2979 350 3064 all-3,
370 2979 448 3044 olim
469 2977 697 3066 Oovarrubiae,
715 2980 910 3064 peculiarem
930 2980 1121 3045 divisionem
1140 3002 1218 3063 pro-

203 3085 319 3152 ferunt.
364 3084 545 3170 Diophanti
573 3088 655 3152 liber
682 3087 805 3171 primus
829 3087 863 3151 in
886 3087 966 3151 duos
990 3087 1131 3169 partitus
1156 3091 1218 3171 est,

203 3215 340 3276 quorum
383 3194 466 3259 alter
507 3194 638 3280 incipit:
681 3191 747 3257 Καὶ
788 3205 855 3258 τῶν
891 3197 1218 3277 πολλαπλασιασμῶν

203 3296 342 3386 (14,1);
378 3301 424 3365 sic
459 3301 748 3365 Arithmeticorum
779 3300 855 3365 libri
888 3305 1011 3384 septem
1046 3301 1219 3366 constituti

204 3410 294 3492 sunt3
316 3411 353 3472 ut
377 3410 510 3472 octavus
534 3407 572 3471 de
593 3407 735 3475 numeris
759 3402 934 3491 polygonis
957 3406 1086 3471 libellus
1105 3428 1219 3473 nume·

202 3516 292 3578 ratus
317 3517 375 3579 est.
412 3511 508 3577 Haud
533 3513 666 3577 dubium
692 3517 743 3576 est
765 3512 977 3577 recentiorem
997 3511 1219 3579 Oovarrubiac
