2578 3984
190 187 235 250 94
435 182 685 238 PAGHYMERAE
704 181 962 237 PARAPHRASIS.
1277 1 1285 233 δ

190 348 358 433 ὑπεροχὴν
386 347 571 413 ὁποιανοῦν
597 344 652 412 καὶ
680 349 783 429 λόγον
805 346 864 410 τὸν
888 341 1124 429 ἐπιταχθέντα,
1152 343 1208 409 καλ

191 453 392 538 ε’πιτετάχθω
420 453 480 518 τὸν
502 456 722 536 προκείμενον
746 452 893 538 ἀριθμὸν
920 451 1043 516 διελεῖν
1066 453 1114 528 είς
1143 453 1207 517 δύο
1284 457 1285 462 ’

191 561 358 646 ἀριθμοὺς
384 560 441 624 ἵνα
464 560 482 625 6
506 562 625 642 μείζων
647 567 708 624 τοῦ
736 558 910 637 ε’λάττονος
934 559 1003 641 ἔχοι
1027 558 1207 624 διπλάσιον

190 666 245 733 καὶ
269 666 416 750 μονάδας
439 666 587 751 ἀριθμοῦ
608 651 638 730 6.
677 667 886 751 ἀφαιρείσθω
907 659 969 732 οὑν
989 665 1025 730 ἐκ
1043 675 1104 730 τοῦ
1124 665 1206 730 ὅλου

162 773 210 858 εὑ
230 774 374 858 ὑπεροχῇ
398 770 508 838 καὶτὸ
528 775 725 856 λειπόμενον
742 775 917 856 τετμήσθω
937 772 974 838 ἐν
993 775 1205 857 τριπλασίονι

190 885 289 970 λόγῳ,
312 876 367 945 καλ
391 879 409 945 6
433 877 494 963 μὲν
512 880 679 962 ὑπόλογος
701 889 761 945 τοῦ
784 881 982 963 τριπλασίου
1006 882 1089 945 ἔστω
1112 879 1206 945 ἐλάσ-

191 1006 260 1054 σων
283 987 376 1072 ὅρος,
405 986 423 1052 6
453 984 490 1051 δὲ
518 988 633 1062 λοιπὸς
661 988 725 1051 σὺν
747 994 787 1154 τῇ
816 985 961 1070 ὑπεροχῇ
985 971 1124 1070 μείζων,
1152 984 1206 1052 καὶ

189 1098 320 1179 γίνεταί
352 1115 409 1176 μοι
444 1096 482 1159 τὸ
518 1096 705 1178 πρόβλημα.
751 1084 826 1156 οἷον
858 1094 941 1157 ἔστω
971 1093 988 1158 6
1018 1092 1206 1178 ἐπιταχθεὶς

190 1203 333 1288 ἀριθμὸς
355 1227 397 1286 κη
422 1197 477 1264 καλ
499 1202 520 1285 ἡ
545 1202 759 1285 ἐπιταχθεῖσα
788 1196 840 1264 ἐπὶ
864 1200 971 1287 τούτῳ
995 1200 1141 1284 ὑπεροχὴ
1166 1185 1204 1264 δ·

149 1338 173 1375 ιο
189 1310 321 1396 ἀφαιρῶ
344 1310 403 1374 τὸν
428 1292 463 1390 δ,
486 1307 505 1372 6
529 1309 724 1390 λειπόμενος
746 1308 788 1371 κδ
812 1307 986 1391 διαιρεῖται
1010 1306 1047 1371 ἐν
1069 1307 1205 1392 τριπλά-

189 1420 251 1506 σίῳ
279 1418 381 1504 λόγῳ·
410 1414 532 1479 τούτου
561 1414 579 1479 6
607 1412 817 1495 ὑπόλογοςῇ
846 1412 996 1478 ἐλάσσων
1018 1415 1204 1496 τεθήσεται,

189 1521 244 1588 καὶ
272 1524 289 1589 6
318 1524 433 1599 λοιπὸς
455 1523 489 1589 ῖς
515 1522 606 1605 παρὰ
628 1521 687 1584 τὸν
710 1519 891 1603 ὑπόλογον,
919 1519 1121 1602 προσλαβὼν
1144 1520 1205 1602 τὴν

188 1631 357 1715 ὑπεροχὴν
379 1630 439 1694 τὸν
463 1613 493 1710 δ,
518 1630 637 1712 μείζων
659 1629 850 1710 γενήσεται·
874 1625 892 1691 6
916 1626 979 1711 γάρ
998 1626 1018 1690 {c
1035 1636 1096 1691 τοῦ
1116 1634 1137 1708 ῇ
1157 1627 1206 1690 δι-

189 1739 339 1802 πλασίων
364 1732 438 1821 μεθ’
463 1734 627 1820 ὑπεροχῆς
650 1743 710 1798 τοῦ
733 1718 755 1797 δ
777 1732 877 1797 ἐστίν.

151 1867 176 1908 15
257 1846 303 1908 Εί
324 1839 362 1908 66
385 1843 553 1940 ἐπιταχθῶ
577 1842 700 1906 διελεῖν
724 1839 761 1904 ἐν
780 1841 867 1925 λόγῳ
891 1841 1074 1927 τριπλασίῳ
1093 1837 1149 1905 καὶ
1169 1839 1205 1905 ἐν

189 1950 335 2034 ὑπεροχῇ
359 1933 568 2032 μονάδωνδ,
592 1950 674 2012 ε’στω
694 1946 756 2012 6
731 1965 772 2010 π·
797 1945 929 2030 ἀφαιρῶ
953 1948 1014 2031 τὴν
1036 1947 1206 2032 ὑπεροχὴν
1283 2001 1284 2012 ,

189 2042 314 2139 τὸνδ,
341 2057 576 2121 λείπονται’“
539 2074 594 2124 ος·
623 2062 743 2118 τοῦτον
767 2054 884 2151 διαιρω
914 2052 950 2117 ἐν
974 2056 1062 2139 λόγῳ
1090 2076 1204 2138 τετρα-

189 2166 355 2245 πλασίονι,
379 2160 434 2226 καὶ
459 2162 476 2227 6
499 2162 666 2244 ὑπόλογος
688 2163 809 2226 τούτου
830 2147 888 2225 ιθ
916 2160 933 2225 6
964 2157 1001 2225 66
1028 2161 1117 2244 παρά
1145 2161 1204 2224 τὸν

188 2269 373 2353 ὑπόλογον,
406 2269 443 2344 ὑς
470 2269 561 2335 ἐστιν
590 2269 675 2346 ὑζ
635 2271 675 2346 νζ
679 2267 918 2352 ,προσλαβὼν
947 2268 1008 2348 τὴν
1036 2267 1204 2351 ὑπεροχὴν

150 2401 175 2440 ιο
188 2400 248 2441 τον
272 2362 306 2459 δ,
328 2377 366 2454 ξα
393 2374 525 2460 γε’γονε·
552 2374 607 2440 καλ
635 2377 725 2440 ἔστιν
748 2374 766 2439 6
791 2374 829 2451 ξα
854 2382 915 2438 τοῦ
946 2379 985 2437 ιθ
1012 2373 1204 2460 τριπλάσιος

188 2480 244 2549 καλ
271 2483 292 2566 ἡ
320 2482 470 2549 ἐπέκεινα
498 2483 644 2566 ὑπεροχὴ
673 2482 817 2565 μονάδες
845 2465 873 2544 6.
913 2480 1035 2564 ὁμοίως
1061 2476 1116 2545 καλ
1145 2480 1204 2544 ἐὰν

189 2589 356 2676 ἐπιταχθῶ
394 2595 515 2655 διελεῖν
551 2589 611 2653 τὸν
648 2590 693 2670 μ“ς
730 2586 767 2651 ἐν
803 2588 892 2673 λόγῳ
928 2588 1110 2673 τριπλασίῳ
1149 2584 1204 2650 καλ

189 2697 333 2782 ὑπεροχῇ
362 2697 509 2782 ἀριθμοῦ
537 2694 696 2781 μονάδων
723 2697 758 2777 ξ,
787 2693 918 2778 ἀφαιρῶ
947 2694 1008 2776 τὴν
1035 2694 1204 2779 ὑπεροχὴν

188 2805 246 2881 τάς
269 2807 289 2872 ἒ
312 2804 460 2888 μονάδας
482 2800 536 2867 καὶ
558 2803 619 2867 τὸν
642 2803 839 2884 λειπόμενον
862 2826 886 2885 μ
910 2801 1028 2883 διαιρῶ
1052 2800 1089 2866 ἐν
1112 2803 1201 2888 λόγῳ

149 2934 176 2974 ιε
189 2914 425 2997 τετραπλασίῳ,
440 2907 495 2975 καὶ
508 2911 568 2975 τὸν
582 2905 644 2994 μὲν
658 2908 827 2991 ὑπόλογον
837 2907 959 2972 τούτου
969 2908 1029 2972 τὸν
1042 2911 1060 2971 ῐ
1075 2907 1202 2973 ἐλάσσω

189 3018 271 3100 ὑρον
289 3017 404 3100 τάττω,
427 3018 486 3082 τὸν
510 3012 547 3081 66
570 3017 660 3099 παρὰ
682 3018 742 3081 τὸν
760 3014 941 3097 ὑπόλογον,
965 3014 1001 3090 ὅς
1020 3013 1109 3078 ἐστιν
1129 3015 1147 3079 6
1167 3001 1203 3098 λ,

189 3120 349 3208 προσθεὶς
377 3120 431 3188 καλ
457 3125 519 3208 τὴν
541 3123 708 3206 ὑπεροχὴν
733 3124 791 3188 τὸν
812 3124 848 3204 ξ,
877 3132 961 3186 ποιῶ
990 3123 1122 3205 μείζονα
1146 3106 1202 3203 λς,
1283 3127 1284 3154 ¹

188 3228 244 3295 καλ
258 3232 374 3295 λύεταί
390 3254 446 3314 μοι
465 3231 503 3294 τό
517 3233 705 3314 πρόβλημα·
724 3229 819 3314 ὑγάρ
839 3212 881 3298 λ-ς
897 3237 957 3294 τοῦ
975 3231 993 3292 ῖ
1011 3227 1204 3312 τριπλάσιος

189 3335 226 3402 ἐν
249 3337 394 3422 ὑπεροχῇ
413 3335 562 3402 ἐπέκεινα
585 3337 743 3420 μονάδων
763 3340 796 3405 ξ·
819 3321 861 3403 λς
884 3332 920 3400 δὲ
943 3332 998 3400 καὶ
1020 3337 1048 3418 i,
1067 3337 1120 3418 γῖς.

149 3467 175 3507 οο
256 3446 301 3509 Εἰ
327 3440 365 3508 δὲ
393 3442 559 3526 ἕπιταχθῶ
589 3444 712 3508 διελεῖν
734 3445 795 3508 τὸν
823 3441 967 3508 δοθέντα
995 3441 1142 3527 ἀριθμὸν
1166 3439 1202 3506 ἐν

189 3554 277 3640 λόγῳ
306 3555 532 3638 τετραπλασίῳ
561 3548 616 3613 καὶ
644 3549 790 3636 ὑπεροχῇ
820 3549 977 3634 μονάδων
1000 3558 1037 3632 ἦ,
1070 3548 1201 3632 ἀφαιρῶ
