2578 3984
181 183 245 248 130
445 183 599 239 SOHOLIA
617 181 658 236 IN
675 181 928 240 DIOPHANTUM.

180 347 244 413 ἀπὸ
274 352 419 434 πλευράς
444 356 505 414 τοῦ
533 357 569 431 ἦ·
602 341 695 430 ἐφ’
679 348 818 422 εαυτοὺς
851 344 930 412 δὲ’
917 371 934 412 ο
962 343 1022 431 μὲν
1056 355 1077 430 ι’]
1109 357 1203 413 ποιεῖ

179 457 370 539 κυβόκνβον
392 457 451 520 τὸν
476 454 530 539 ξδ,
557 455 575 520 6
599 451 660 533 κζ
657 456 717 520 τὸν
739 460 820 532 ψκθ.

245 557 365 626 καὶ
325 585 419 627 ουτοι
443 561 504 646 μέν
522 586 537 627 ε
540 563 587 627 ἴσι
540 558 665 627 ἴκαί
683 561 886 646 τετράγωνοι
904 560 1025 637 πάντες
1045 583 1062 626 ο
1065 561 1198 643 ἴκυβό-

178 671 290 752 κυβοι·
314 670 350 733 οἴ
369 672 480 754 μόνως
502 669 600 754 κύβοι
623 668 663 735 ού
681 671 865 752 κυβόκνβοι
882 671 1056 752 γινόμενοι
1075 667 1200 734 οὐκέτι.

151 797 164 837 ε
244 773 311 841 Καὶ
339 785 438 841 τοῦτο
466 778 549 862 πρὸς
580 786 651 853 τοῖς
678 777 791 852 ἀλλοις
819 774 881 860 χρὴ
906 773 1031 840 εἴδέναι
1054 775 1105 840 ὅτι
1128 786 1198 840 τῶν

177 881 363 967 εἰρημένων
395 881 550 968 ἀριθμῶν
583 884 667 946 ἔνιοι
701 881 737 946 ἐν
766 882 943 967 διαφόροις
976 883 1079 947 εἴδεσι
1109 888 1196 946 θεω-

178 999 329 1073 ροῦνται·
358 989 476 1054 αὐτίκα
504 989 567 1074 γάρ
596 987 614 1053 6
643 989 676 1056 ιξ
703 985 758 1052 καὶ
791 987 935 1073 ἀριθμός
963 986 1068 1071 ἐστιν,
1104 994 1197 1074 εἴπερ

178 1096 283 1162 αὐτοῦ
311 1095 514 1181 ἀναγράφεις
542 1095 763 1178 τετράγωνον,
792 1091 847 1159 καὶ
874 1095 1079 1179 τετράγωνός
1105 1094 1197 1161 ἐστιν

178 1201 242 1269 ἀπὸ
265 1207 410 1287 πλευρᾶς
432 1210 494 1267 τοῦ
516 1185 554 1284 δ,
582 1199 637 1265 καὶ
661 1202 938 1286 δυναμοδύναμις
964 1200 1028 1266 ἀπὸ
1051 1206 1198 1287 πλευρᾶς

138 1332 164 1371 ιο
178 1318 239 1374 τοῦ
262 1292 292 1392 6.

244 1412 299 1481 καῖ
327 1417 375 1480 ἔτι
400 1413 418 1478 6
447 1398 501 1494 ξδ’
530 1415 598 1478 ἔστι
626 1409 688 1498 μὲν
710 1410 766 1478 καὶ
790 1413 891 1490 αὐτὸς
918 1413 1073 1500 ἀριθμός,
1103 1420 1197 1498 εἴπερ
1282 1471 1283 1474 ,

178 1519 232 1587 ἀπ’
252 1521 355 1588 αὐτοῦ
379 1521 501 1606 ὁμοίως
523 1520 729 1604 ἀναγράφεις
745 1521 969 1604 τετράγωνον·
994 1523 1064 1586 ἔστι
1083 1517 1120 1586 δὲ
1139 1518 1196 1585 καὶ
1282 1531 1283 1538 ’

178 1629 384 1715 τετράγωνος
407 1628 470 1693 ἀπὸ
493 1631 640 1713 πλευρᾶς
662 1637 722 1693 τοῦ
743 1638 780 1712 ἦ,
804 1626 859 1693 καῖ
882 1629 984 1711 κύβος
1008 1628 1072 1694 ἀπὸ
1095 1633 1195 1693 πλευ·
1282 1621 1283 1626 ’

180 1745 239 1822 ρᾶς
261 1744 322 1801 τοῦ
345 1720 381 1816 δ,
404 1731 460 1800 καὶ
484 1736 532 1799 ἔτι
554 1736 742 1818 κυβύκυβος
765 1734 828 1800 ἀπὸ
852 1739 997 1818 πλευράς
1019 1743 1080 1800 τοῦ
1104 1720 1135 1818 6.

143 1863 168 1904 15
250 1841 411 1907 ἐκκείσθω
434 1839 471 1906 δὲ
488 1839 544 1907 καὶ
564 1841 753 1927 διάγραμμα
772 1852 839 1906 τῶν
857 1843 1020 1907 τοιούτων
1039 1841 1196 1927 ἀριθμῶν

179 1947 274 2034 μέχρι
298 1948 437 2026 δεκάδος
460 1951 524 2015 σὺν
547 1959 617 2026 τοϊς
640 1942 695 2014 ἀπ’
710 1948 821 2013 αὐτῶν
842 1946 1036 2032 γενομένοις
1060 1950 1195 2032 εἴδεσιν,

179 2057 314 2121 ἀνωθεν
337 2053 388 2120 ἐπὶ
416 2056 456 2120 τά
483 2055 570 2121 κάτω
599 2057 710 2123 ἴοῦσιν
739 2055 914 2132 εὐτάκτως·
945 2054 1009 2133 ἕξει
1036 2057 1100 2140 γάρ
1124 2056 1195 2121 ἕκα-

143 2168 152 2188 “
180 2179 257 2239 στος
268 2173 335 2228 τῶν
349 2161 504 2246 ἀριθμῶν
518 2159 574 2227 ὑπ’
592 2162 696 2228 αὐτὸν
710 2164 751 2228 τά
769 2161 802 2241 ἐξ
816 2162 921 2228 αὐτοῦ
936 2165 1097 2247 γινόμενα
1113 2165 1195 2246 εἴδη.

253 2950 286 3010 ξδ
313 2950 378 3014 ψκθ
408 2950 472 3022 δῑις
498 2948 591 3019 ἀεχκε
618 2952 715 3019 δςχνς
731 2947 884 3022 μαζχμθ
869 2964 903 3004 κς
897 2947 1018 3016 βρμδ
1006 2949 1125 3022 ν’γανμα
1157 2949 1171 3014 6

178 3105 319 3188 <Ι>.
356 3107 450 3172 Αἴδ
451 3105 653 3194 ὲδυνάμεις
675 3118 777 3174 πᾶσαι
801 3110 945 3194 δῆλον*
928 3111 1027 3186 ωςί
996 3107 1060 3174 εἰσὶ
1083 3113 1193 3195 τετρά-

142 3231 300 3297 εογωνοι·
323 3222 390 3278 τῶν
414 3211 451 3278 δὲ
473 3215 597 3300 κύβων,
621 3217 656 3281 οἴ
675 3213 738 3301 μὲν
761 3216 824 3282 ἀπὸ
847 3217 960 3300 κύβων
984 3211 1038 3301 ἐφ’
1056 3214 1195 3294 ἑαυτοὺς
1277 3217 1278 3236 ’

180 3317 387 3405 γενομένων,
414 3321 615 3408 τετράγωνοι
638 3321 693 3388 καὶ
716 3320 811 3389 αὐτοὶ
839 3317 923 3390 εἴναι
953 3324 1132 3389 δύνανται·
1162 3325 1198 3389 οἴ

182 3425 212 3493 δ’
229 3428 324 3492 ἀλῖοι
348 3428 511 3511 οὐδαμῶς.

252 3573 269 3620 4
288 3569 320 3622 ού
340 3565 505 3641 κνβάκνβοι]
525 3563 556 3623 ἐκ
575 3582 618 3624 nv.
