2568 3980
402 196 555 254 SGHOLIA
572 197 612 252 IN
630 197 882 256 DIOPHANTUM.
1091 199 1156 265 139

133 360 296 446 μονάδων
311 356 406 444 οὖσα,
422 361 567 448 ἀριθμός
580 360 681 444 ἐστιν,
703 361 720 427 ὁ
737 359 774 427 δὲ
789 363 853 429 άπὸ
867 372 927 428 τοῦ
942 368 963 447 β
977 365 1157 447 γενόμενος

133 468 342 553 τετράγωνος
366 468 383 534 ὁ
405 453 429 533 δ
451 468 537 551 ἐστι,
568 469 743 553 διῃρήσθω
766 471 822 534 καί
845 469 866 553 ἡ
889 472 959 534 ΑΓ
981 471 1087 553 μονὰς
1109 471 1157 547 είς

134 580 193 639 ἴσα
226 560 247 639 δ
273 572 423 659 τέταρτα,
454 573 495 638 τά
524 578 602 657 ΑΖ,
632 577 714 657 ΖΗ,
742 578 826 658 ΗΘ,
856 579 924 641 ΘΓ.
968 578 1060 640 ἔσται
1092 571 1155 641 οὖν

135 680 279 746 ἕκαστον
310 682 439 746 τούτων
471 680 618 765 μονάδος
649 678 825 765 τέταρτον,
857 680 913 748 καὶ
939 683 964 767 ’ἡ
994 687 1059 747 ΑΖ
1091 684 1155 767 άρα

136 790 350 872 δυναμοστόν
377 787 483 872 ἐστιν,
515 789 589 871 ἤτοι
616 788 764 872 μονάδος
792 791 848 854 δ”.
885 787 941 854 καὶ
967 789 1062 874 ἤχθω
1091 789 1155 854 άπὸ
1183 809 1196 850 5

134 891 198 980 μὲν
220 904 280 960 τοῦ
304 899 335 959 Ε
356 897 495 980 σημείου
518 894 728 979 παράλληλος
750 904 790 979 τῇ
813 898 883 961 ΑΓ
902 895 1019 983 εὐθείᾳ
1038 896 1058 980 ἡ
1078 899 1155 977 ΕΚ,

135 1001 201 1068 ἀπὸ
230 997 266 1066 δὲ
294 1012 361 1066 τῶν
386 1006 413 1065 Ζ
444 999 500 1067 καλ
523 1005 562 1065 Η
589 999 644 1066 καί
673 1006 701 1067 Θ
728 1003 935 1088 παράλληλοι
964 1011 1003 1088 τῇ
1027 1007 1093 1067 ΑΒ
1121 1004 1159 1067 αί

136 1112 213 1192 ΖΛ,
233 1111 321 1192 HM,
342 1111 419 1172 σιν.

201 1213 291 1280 Ἐπεὶ
315 1208 378 1280 οὖν
401 1214 482 1279 ὅλον
504 1215 542 1279 τὸ
561 1217 702 1280 ΑΒΓΔ
724 1218 746 1299 β
768 1216 927 1300 μονάδων
950 1214 1052 1300 ἐστίν,
1074 1216 1095 1300 ἡ
1118 1212 1155 1280 δὲ

136 1326 221 1387 ΗΜ
239 1323 315 1407 δίχα
339 1321 420 1386 αὐτὸ
443 1320 569 1406 τέμνει,
597 1323 635 1387 τὸ
659 1323 723 1406 άρα
746 1327 825 1388 AM
844 1323 991 1407 μονάδος
1010 1332 1031 1386 ᾶ
1055 1325 1155 1389 ἔσται.
1171 1345 1196 1384 10

136 1430 237 1495 πάλιν
261 1426 330 1494 ἐπεὶ
358 1429 395 1493 τὸ
419 1433 500 1494 ΑΜ
525 1430 672 1514 μονάδος
705 1427 774 1494 ἐστὶ
802 1437 838 1512 ιἰ,
871 1430 892 1514 ἡ
923 1426 960 1495 δὲ
988 1433 1051 1494 ΖΛ
1080 1430 1156 1513 δίχα

137 1537 218 1602 αὐτὸ
241 1533 370 1621 τέμνει,
392 1536 431 1599 τὸ
455 1536 519 1621 άρα
543 1539 611 1600 ΑΛ
634 1534 778 1619 ἡμίσεως
801 1538 893 1601 ἔσται
916 1536 1076 1620 μονάδος·
1100 1533 1156 1600 καὶ

139 1641 302 1709 δέδεικται
325 1643 415 1719 ὅπως
437 1641 474 1706 τὸ
495 1643 708 1726 δυναμοστὸν
728 1640 780 1707 ἐπὶ
798 1643 858 1708 τὸν
878 1642 1036 1728 ἀριθμόν,
1060 1665 1156 1708 τουτ-

137 1751 207 1817 έστι
235 1752 272 1816 τὸ
301 1754 367 1815 AZ
395 1747 447 1814 ἐπὶ
475 1749 536 1832 τὴν
562 1753 644 1832 ΑΒ,
674 1748 825 1814 τουτέστι
851 1750 890 1813 τὸ
915 1751 961 1814 δ”
985 1747 1038 1815 ἐπὶ
1060 1751 1101 1814 τά
1121 1735 1155 1833 β,

136 1857 345 1944 άμιθμοστὸν
368 1855 503 1939 ἐποίησε
525 1855 563 1920 τὸ
587 1860 655 1921 ΑΛ
680 1857 824 1921 δυοστὸν
848 1855 888 1922 δν
911 1857 1066 1940 μονάδος.
1170 1878 1196 1918 15

200 1960 338 2049 Ὁμοίως
362 1960 398 2027 δὲ
422 1961 477 2028 καὶ
501 1962 559 2028 ἐάν
582 1964 620 2029 τὸ
644 1959 705 2048 μὲν
728 1968 793 2029 ΑΖ
823 1964 1034 2049 δυναμοστὸν
1060 1961 1156 2049 μένῃ,

136 2071 158 2154 ἡ
189 2067 226 2136 δὲ
248 2076 315 2135 AB
344 2071 446 2153 κύβος
477 2071 551 2153 ἤτοι
584 2079 605 2154 ι’]
637 2071 795 2154 μονάδων
826 2071 990 2156 ὑποτεθῇ,
1022 2073 1061 2136 τὸ
1089 2077 1157 2136 ΑΛ

137 2177 282 2263 ἀριθμὸς
305 2179 409 2242 ἔσται·
434 2177 546 2261 ἐπειδὴ
574 2178 638 2261 γάρ
661 2178 699 2241 τὸ
723 2181 792 2242 ΑΛ
814 2175 971 2263 τέταρτόν
999 2176 1068 2242 ἐστι
1096 2185 1157 2241 τοῦ
1199 2243 1202 2248 ,

137 2288 291 2370 ΑΒΓΔ,
318 2284 489 2349 ὑπόκειται
513 2280 550 2348 δὲ
573 2292 638 2348 νῦν
660 2285 697 2349 τὸ
717 2286 820 2348 ΑΒΓ
822 2291 894 2368 Δι’]
916 2284 1091 2369 μονάδων,
1118 2284 1156 2349 τὸ

1 2435 2 2438 =
134 2396 206 2457 ΑΛ
230 2393 294 2478 άρα
317 2394 339 2475 β
361 2391 520 2476 μονάδων
543 2392 644 2455 ἔσται.
1170 2413 1197 2452 εο

404 2658 464 2723 AD
489 2654 815 2722 DEFINITIONEM
837 2654 893 2721 IX.

204 2821 261 2883 IZ.
299 2821 439 2895 Λεϊψις
472 2813 533 2882 ἐπὶ
567 2821 700 2894 λεῑψιν
731 2819 1157 2881 πολλαπλασιασθεῖσα

135 2936 246 2989 ποιεῖ
279 2923 464 3010 ὕπαρξιν,
501 2928 632 3001 λείαις
668 2920 711 2988 δὲ
748 2920 809 2987 ἐπί
846 2922 1015 3008 ὕπαρξιν
1050 2932 1160 2987 ποιεῖ

136 3036 279 3108 λεῑψιν.

207 3139 278 3223 Οὐχ
302 3137 414 3216 ἁπλῶς
441 3141 551 3216 λεῑψιν
579 3135 681 3221 λέγει,
714 3137 758 3221 μὴ
787 3132 842 3202 καὶ
870 3134 1040 3221 ὑπάρξεώς
1066 3158 1157 3212 τινος
1172 3157 1198 3198 ιι

139 3244 257 3330 οὔσης,
282 3244 366 3310 άλλδι
388 3242 530 3324 ὕπαρξιν
554 3246 698 3329 ἔχουσαν
721 3249 844 3322 λεϊψιν
874 3242 918 3320 ὡς
942 3241 1000 3308 ἐὰν
1023 3241 1157 3306 ὑποθω-

138 3357 227 3436 μεθα
260 3355 320 3419 τὸν
347 3342 396 3420 5'0'
427 3345 515 3416 εἶναι
543 3361 578 3435 μθ
595 3334 634 3434 δ,
666 3348 721 3415 καὶ
753 3360 868 3436 φῶμεν
902 3349 953 3414 ὅτι
984 3350 1067 3414 ἔστω
1101 3347 1158 3411 ὅδε

211 3586 227 3634 4
245 3580 378 3652 τέταρτον
397 3580 430 3649 Κ,
449 3577 584 3651 τετάρτου
603 3578 662 3635 alii.
