2578 3984
160 166 202 231 82
401 167 652 223 PAOHYMERAE
671 165 927 222 PARAPHRASIS.

160 336 337 395 σιασθεϊσα
368 331 603 414 δυναμόκυβον
630 340 732 394 ποιεῖ·
766 331 848 394 ἔστω
879 331 942 414 γάρ
973 331 1076 415 κύβος
1105 330 1123 395 6
1151 355 1173 413 η

159 434 214 502 καὶ
237 437 442 522 τετράγωνος
465 437 482 503 6
507 423 569 501 66
593 436 662 501 ἐστι
687 437 842 521 δύναμις,
872 436 904 516 ἐξ
933 431 980 501 ὧν
1003 439 1130 518 γίνεται
1155 437 1174 502 6

159 531 201 627 λβ
238 545 479 628 δυναμόκνβος.
545 544 686 628 δύναμις
727 540 765 608 δὶ
802 541 854 608 ἐπὶ
897 543 1176 628 δοναμοδύναμιν

159 654 511 716 πολλαπλασιασθεῖσα
533 652 723 734 κνβύκνβον
743 649 969 735 ἀπεργάζεται
994 651 1012 715 6
1032 652 1159 734 γάρῳ
1116 649 1170 715 ἐ’

132 755 279 823 τὲαυτδν
301 758 614 840 πολλαπλασιασμὸς
640 765 702 821 τοῦ
724 757 831 840 κύβου
854 757 1103 840 κυβόκυβος,“
1087 781 1131 832 ως
1155 757 1174 822 6

160 863 198 942 ξδ
217 862 253 928 ἐκ
275 874 335 930 τοῦ
359 864 543 947 ὀκτάκιςῆ·
566 873 688 928 τοῦτον
705 866 765 928 τὸν
784 863 823 942 ξδ
844 875 935 928 ποιεῖ
956 861 1011 929 καὶ
1032 864 1176 948 δύναμις
1287 941 1288 950 ¹

159 971 177 1035 6
211 955 232 1034 δ
263 967 316 1036 ἐπὶ
349 970 626 1055 δνναμοδύναμιν
657 972 716 1036 τὸν
750 975 782 1039 ἴς
811 975 1173 1037 πολλαπλασιασθεῖσα,

159 1077 261 1160 κύβος
288 1075 325 1142 δὲ
353 1075 406 1142 ἐπὶ
433 1078 549 1160 κύβον,
586 1076 649 1142 κάν
673 1075 726 1160 ἐφ’
747 1076 875 1160 ἑαυτόν,
899 1076 962 1142 κάν
986 1073 1041 1162 ἐφ’
1057 1077 1175 1160 ἕτερον

157 1185 274 1270 κύβον,
300 1182 626 1261 πολλαπλασιασθεὶς
648 1187 839 1268 κυβόκυβον
861 1195 957 1249 ποιεῖ.

117 1317 143 1356 10
225 1296 299 1368 Πᾶς
327 1288 364 1356 δὶ
392 1291 536 1375 άμιθμὸς
563 1289 615 1355 ἐπὶ
643 1293 680 1356 τὸ
710 1291 888 1375 ὁμώνυμον
915 1291 1019 1356 αὐτοῦ
1052 1294 1174 1376 μόριον

156 1396 481 1475 πολλαπλασιασθεὶς
504 1399 633 1482 μονάδα
651 1409 752 1463 ποιεῖ·
775 1389 850 1463 οἷον
869 1395 922 1462 ἐπὶ
940 1406 1000 1463 τοῦ
1021 1402 1173 1483 ῐτυχόν·

158 1506 290 1582 δεκάκις
313 1507 376 1589 γάρ
399 1505 437 1569 τὸ
461 1503 612 1587 δέκατον,
636 1503 681 1569 ἕν.

227 1616 293 1695 Τῆς
320 1607 382 1678 οὖν
410 1611 556 1695 μονάδος
583 1610 789 1694 ἀμεταθέτου
818 1612 920 1694 οὔσης
949 1609 1004 1676 καὶ
1028 1610 1173 1696 ἑστώσης
1287 1659 1288 1684 ι

157 1718 222 1800 ¹¹¹¹,
250 1720 287 1784 λλ
315 1720 685 1801 πολλαπλασιαζόμενον
709 1716 759 1783 ἐπ’
782 1719 887 1803 αὐτὴν
911 1719 991 1783 αειε
1016 1720 1054 1784 ιι
1082 1714 1172 1797 σοις

116 1849 142 1889 15
157 1827 263 1889 ἔσται·
288 1826 417 1902 δεκάκις
440 1827 503 1910 γάρ
526 1825 563 1890 τδ
587 1831 621 1908 ἆ,
637 1839 663 1906 ῑ,
686 1823 741 1890 καὶ
765 1825 849 1904 άπαξ
872 1827 911 1890 τοὶ
936 1840 961 1908 ῑ,
978 1839 997 1890 ῑ.

229 1933 276 1996 Τδι
292 1929 329 1997 δὲ
344 1932 504 2017 ὁμώνυμα
524 1934 624 2017 μόρια
643 1929 694 2016 ἐφ’
710 1931 810 1997 ἕαντοὶ
822 1935 1172 2017 πολλαπλασιαζόμενα
1287 1945 1288 1954 ’

155 2041 287 2122 ποιήσει
311 2039 472 2124 ὁμώνυμα
496 2042 596 2123 μόρια
618 2049 689 2115 τοϊς
712 2039 884 2124 ἀριθμοῖς·
913 2031 987 2104 οἷον
1009 2041 1047 2104 τὸ
1076 2039 1171 2124 ἀμιθ-

157 2148 281 2230 μοστὸν
305 2144 357 2211 ἐπὶ
381 2147 418 2210 τὸ
446 2145 653 2230 άμιθμοστὸν
676 2148 1045 2230 πολλαπλασιαζόμενον
1070 2148 1173 2211 δννα

156 2255 280 2337 μοστὸν
316 2254 463 2335 ποιήσει,
500 2252 659 2337 ἐπείτοιγε
696 2251 752 2319 καὶ
789 2252 933 2337 ἀριθμὸς
969 2247 1068 2336 ἐφ’
1051 2254 1172 2317 εαυτὸν
1287 2341 1288 2348 ¹

116 2382 143 2423 εο
157 2362 523 2445 πολλαπλασιαζόμενος
547 2362 692 2445 δύναμιν
715 2371 862 2425 ποιεῖ·ο
845 2353 918 2425 οἷον
942 2363 963 2442 β
986 2356 1039 2423 ἐπὶ
1062 2344 1084 2442 β
1111 2359 1172 2423 τὸν

156 2468 176 2529 δ
200 2467 423 2550 τετράγωνον,
447 2466 483 2544 ὅς
506 2466 575 2532 ἐστι
599 2467 753 2566 δύναμις·
776 2469 816 2533 τοὶ
841 2464 877 2532 δὲ
895 2452 917 2550 β
936 2467 1155 2551 άριθμός,κα
1114 2463 1171 2530 καὶ

154 2573 194 2637 τοὶ
222 2558 247 2655 β
272 2575 416 2639 δυοστὸν
444 2577 563 2659 μόριον
590 2582 652 2638 τοῦ
679 2576 714 2656 δ,
743 2565 817 2639 οἷον
844 2574 956 2658 ἥμισυ.
1001 2575 1038 2638 τὸ
1069 2569 1100 2636 δ’
1128 2567 1174 2638 αὗ

155 2679 362 2764 άμνθμοστὸν
390 2684 761 2765 πολλαπλασιαζόμενον
791 2679 844 2745 ἐπὶ
876 2682 913 2746 τὸ
947 2682 1173 2765 δνναμοστόν,

154 2789 320 2871 κυβοστὸν
351 2799 455 2870 ποιεῖ,
488 2787 648 2871 ἐπείτοιγε
680 2785 735 2853 καὶ
767 2788 910 2873 ἀριθμὸς
939 2785 993 2852 ἐπὶ
1027 2788 1175 2871 δύναμιν

114 2915 141 2956 ιε
154 2897 521 2978 πολλαπλασιαζόμενος
548 2895 654 2977 κύβον
681 2904 770 2959 ποιεῖ
871 2892 924 2959 ἐπὶ
958 2892 994 2958 δὲ
1026 2896 1173 2979 δυναμο-

154 3003 331 3084 κυβοστόν,
355 3002 616 3085 κνβοκυβοστόν,
641 3001 802 3085 όπείτοιγε
826 3002 968 3085 άοιθμὸς
992 2999 1044 3066 ἐπὶ
1069 3003 1173 3067 δυνα-

156 3108 307 3188 μόκνβον
329 3105 656 3184 πολλαπλασιασθεὶς
678 3109 869 3190 κνβόκυβον
891 3117 988 3172 ποιεῖ.

222 3214 446 3296 Δνναμοστδν
465 3211 503 3278 δὲ
526 3212 579 3278 ἐπὶ
598 3212 819 3299 άμιθμοστύν,
843 3214 1009 3296 κυβοστὸν
1027 3218 1173 3300 ποιήσει,

227 3410 259 3459 10
270 3423 310 3474 sq.
335 3404 375 3460 Of.
391 3405 411 3472 I,
427 3410 451 3472 8,
467 3410 580 3462 11-12.
632 3411 664 3460 12
686 3403 716 3461 ἕν
735 3404 847 3475 εοείμεὶς
867 3412 884 3459 ῖ
905 3405 953 3459 καὶ
968 3405 1043 3472 ἅπαξ
1057 3406 1093 3460 τδι
1108 3412 1173 3475 ῖ,ῖ

154 3475 273 3532 codices.
346 3482 380 3531 13
391 3495 431 3546 sq.
455 3475 495 3532 cf.
510 3477 531 3545 I,
547 3485 571 3546 8,
588 3482 701 3534 13-15.
777 3482 810 3531 16
821 3494 860 3545 sq.
886 3475 925 3532 cf.
941 3477 962 3547 1,
978 3482 1002 3547 8,
1020 3483 1132 3536 16-24.

154 3553 188 3603 25
207 3549 349 3602 Laounam
368 3547 533 3618 significavi.
