2578 3984
195 185 238 250 96
437 183 687 239 PACHYMERAE
706 184 965 240 PARAPHRASIS.

195 348 231 414 ἐν
259 351 347 434 λόγῳ
375 347 515 434 ἡμιολίῳ
543 346 598 412 καὶ
626 348 772 433 ὑπεροχῇ
800 346 880 432 φέρε
908 347 1067 430 μονάδων
1093 334 1127 432 β,
1154 347 1209 412 καὶ

195 459 277 520 ἔστω
306 456 324 522 6
353 439 396 533 ιξ·
430 454 483 518 δεῖ
508 462 593 537 γοῦν
621 453 778 538 ἀφαιρεῖν
805 463 865 519 τοῦ
887 439 924 533 l}
949 456 1010 539 τὴν
1039 454 1210 539 ὑπεροχὴν

194 565 253 627 τὸν
276 547 313 646 ό,
340 569 402 626 τοῦ
426 557 464 626 δὲ
492 559 691 645 λειπομένου
719 564 750 626 ι“ε
778 564 886 644 ζητεῖν
909 561 967 626 τὸν
990 561 1211 626 ὑποδιπλασι-

195 670 372 753 εφῇμισυν,
400 665 455 734 καὶ
482 670 573 733 ἔστιν
597 668 615 734 6
637 671 673 737 ’ς’
702 677 824 734 τοῦτον
850 671 970 753 τίθημι
997 667 1126 734 ἐλάσσω
1155 666 1210 733 καὶ

167 775 379 859 τὺπόλογου,
407 771 463 840 καί
485 775 545 840 τὸν
568 777 687 840 λοιπὸν
710 778 807 859 μείζω
830 772 885 840 καὶ
907 777 1077 860 πρόλογον
1100 777 1160 841 τὸν
1182 763 1210 840 ὑ

194 885 258 947 σὺν
281 891 320 967 τῇ
348 882 493 965 ὑπεροχῇ
516 890 568 979 τοῦ
591 884 625 964 β·
654 881 672 945 6
700 883 763 968 γάρ
793 884 827 947 ιὀι
849 890 910 947 τοῦ
932 881 1122 966 ξῇμιόλιος
1146 885 1211 948 σὺν

194 989 338 1073 ὑπεροχῇ
366 989 524 1072 μονάδων
547 991 577 1072 β.
615 988 771 1065 ὡσαύτως
798 985 853 1053 καὶ
880 987 938 1053 ἐὰν
961 987 1210 1073 ἐπιταττόμεθα

193 1097 253 1163 τὸν
275 1098 317 1176 i?
340 1096 483 1180 διαιρεῖν
507 1094 544 1159 ἐν
567 1096 707 1183 τοιούτῳ
736 1096 825 1183 λόγῳ
854 1092 909 1159 καὶ
936 1094 1083 1181 ὑπεροχῇ
1107 1101 1129 1179 γ
1152 1120 1210 1180 μο-

194 1204 323 1269 νάδων·
351 1202 562 1286 ἀφαιροῦμεν
589 1202 651 1285 τὴν
677 1202 846 1286 ὑπεροχὴν
874 1203 932 1266 τὸν
959 1205 996 1285 γ,
1023 1200 1078 1266 καὶ
1106 1212 1168 1268 τοῦ
1191 1209 1211 1268 {c

155 1328 181 1367 10
195 1314 354 1395 ζητοῦμεν
386 1310 445 1374 τὸν
477 1309 867 1393 ὑποδιπλασιεφῇμισυυ,
904 1307 959 1374 καὶ
996 1311 1088 1374 ἔστιν
1121 1310 1140 1376 ὁ
1173 1319 1211 1394 ῇ·

193 1418 315 1482 τούτου
353 1418 370 1483 6
404 1420 432 1481 ἴε
469 1416 507 1481 ἐν
542 1414 683 1502 ἡμιολίῳ
720 1413 775 1480 καὶ
810 1416 956 1499 ὑπεροχῇ
989 1419 1010 1498 γ
1040 1417 1210 1499 μονάδων.

194 1525 351 1601 ὡσαύτως
382 1519 437 1589 καὶ
469 1521 528 1587 ἐὰν
560 1523 807 1606 ίπιταττόμεθα
839 1524 899 1588 τὸν
924 1505 973 1587 οἶδ
1000 1524 1145 1607 διαιρεῖν
1173 1524 1210 1589 ἐν

193 1630 334 1717 τοιούτῳ
363 1632 452 1717 λόγῳ
479 1627 534 1693 καὶ
563 1629 709 1714 ὑπεροχῇ
741 1628 899 1713 μονάδων
927 1614 963 1713 δ,
998 1629 1211 1716 ἀφαιροῦμεν

194 1737 256 1820 τὴν
279 1736 458 1821 ὑπεροχήν,
481 1733 536 1800 καὶ
563 1744 624 1801 τοῦ
649 1740 686 1800 τῖε
715 1739 874 1820 ζητοῦμεν
901 1737 960 1801 τὸν
990 1736 1210 1803 ὑποδιπλασι-

155 1858 180 1898 1⁵
195 1845 376 1927 εφῇμισυν,
404 1843 460 1908 καὶ
483 1844 574 1908 ἔστιν
598 1842 616 1908 6
638 1845 670 1906 ῖ·
698 1840 756 1907 καί·
779 1845 917 1927 τίθεμεν
944 1851 1065 1908 τοῦτον
1088 1843 1211 1909 ὑπόλο-

193 1973 266 2033 γον,
290 1947 344 2015 καί
367 1953 535 2035 πρόλογον
555 1949 715 2033 τάττομεν
733 1949 793 2013 τὸν
811 1953 842 2013 ἰ“ε
861 1950 941 2033 μετά
958 1959 1016 2034 τῇς
1033 1949 1210 2035 ὑπεροχῇς,

193 2054 248 2120 καὶ
275 2058 366 2121 ἔστιν
389 2057 407 2122 6
432 2042 485 2121 {6-
513 2053 567 2121 καί
591 2057 609 2123 6
631 2041 673 2121 ίὺ
700 2065 761 2121 τοῦ
783 2059 801 2115 ῑ
825 2055 862 2121 ἐν
885 2056 1030 2143 ὑπεροχῇ
1056 2041 1081 2120 δ
1106 2058 1210 2142 μονά-

193 2164 263 2228 δων
286 2162 436 2247 ἡμιόλιος
460 2162 557 2228 ἐστιν.

257 2264 334 2335 Ἐάν
362 2265 399 2334 δὲ
427 2270 676 2354 ἕπτταττώμεθα
706 2271 849 2355 διαιρεῖν
876 2269 912 2336 ἐν
938 2273 1026 2358 λόγῳ
1055 2270 1210 2360 ἐπιτρίτῳ

151 2392 177 2430 2⁰
192 2374 248 2441 καὶ
261 2376 407 2462 ὑπεροχῇ
426 2377 587 2462 μονάδων
600 2379 721 2460 τόσων,
740 2376 950 2463 ἀφαιροῦμεν
964 2378 1025 2461 τὴν
1039 2377 1211 2463 ὑπεροχὴν

192 2481 247 2548 καὶ
270 2493 330 2550 τοῦ
349 2484 548 2568 λειπομένου
566 2485 626 2549 τὸν
646 2485 1017 2569 ὑποδιπλασιεπίτριτον
1037 2488 1210 2569 ζητοῦμεν,

192 2588 247 2655 καί
274 2594 412 2675 τίθεμεν
439 2600 562 2657 τοῦτον
588 2591 758 2675 ὑπόλογον
784 2600 845 2656 τοῦ
873 2591 1056 2676 ἐπιτρίτου,
1087 2591 1148 2658 τὸν
1173 2588 1210 2657 δὲ

192 2698 311 2763 λοιπὸν
335 2708 399 2765 σῦν
421 2707 460 2783 τῇ
484 2698 628 2784 ὑπεροχῇ
656 2700 825 2782 πρόλογον
853 2708 914 2764 τοῦ
941 2696 1109 2782 ἐπιτρίτου
1136 2719 1210 2764 ποι-

193 2813 311 2889 οῦμεν,
344 2802 399 2869 καὶ
427 2805 540 2869 λύεται
566 2805 604 2869 τὸ
632 2806 815 2890 πρόβλημα.
857 2807 939 2870 ἔστω
968 2807 1030 2890 γάρ
1060 2805 1078 2871 6
1102 2809 1143 2874 εξ
1169 2806 1209 2870 δν

152 2923 179 2964 2⁵
193 2913 336 2996 διαιρεῖν
360 2909 600 2994 ἐπιταττόμεθα
623 2909 660 2975 ἐν
683 2913 771 2998 λόγῳ
800 2911 952 2999 ἐπιτρίτῳ
979 2909 1035 2976 καὶ
1062 2911 1209 2998 ὑπεροχῇ

192 3018 351 3102 μονάδων
367 3025 400 3100 ε,
433 3016 564 3101 ἀφαιρῶ
588 3019 687 3083 τὸνῑ
715 3014 769 3082 καί
793 3026 854 3082 τοῦ
878 3020 919 3082 τωι
942 3019 1001 3083 τὸν
1024 3017 1209 3084 ὑποδιπλα-

193 3125 394 3208 σιεπίτριτον
429 3127 512 3208 ζητῶ
543 3120 599 3190 καὶ
632 3126 723 3190 ἔστιν
751 3124 768 3189 ὁ
796 3109 837 3210 ὑ,
871 3122 926 3190 καὶ
953 3126 1058 3191 τάττω
1087 3135 1209 3192 τοῦτον

191 3232 250 3295 τὸν
273 3239 334 3295 τοῦ
358 3231 524 3317 ἐπιτρίτου
546 3231 732 3316 ὑπόλογον,
755 3233 814 3297 τὸν
838 3229 875 3297 δὲ
896 3235 1027 3315 λοιπόν,
1050 3233 1209 3316 δηλονότι

191 3321 308 3420 τὸνῷ
336 3341 400 3403 σὺν
422 3339 489 3423 ἅμα
521 3346 560 3424 τῇ
590 3338 736 3425 ὑπεροχῇ
769 3347 815 3428 τῳ
841 3349 874 3422 Ξ,
906 3338 1010 3404 τάττω
1039 3342 1208 3424 πρόλογον

151 3454 177 3494 ³⁰
191 3454 252 3510 τοῦ
287 3444 472 3532 ἐπιτρίτου,
510 3443 565 3510 καί
598 3447 710 3511 λύεται
737 3448 774 3511 τὸ
806 3448 997 3532 πρόβλημα·
1034 3445 1052 3511 6
1082 3447 1146 3532 γάρ
1180 3427 1210 3526 [ξ

192 3551 354 3637 ἐπίτριτός
377 3551 446 3617 ἐστι
470 3560 530 3618 τοῦ
553 3537 581 3616 ὑ
603 3547 682 3637 μεθ’
706 3553 871 3637 ὑπεροχῆς
892 3563 910 3618 ε
933 3553 1100 3637 μονάδων.
