2568 3980
190 140 254 204 180
271 127 273 130 ’
458 139 613 195 εσΗοιῐε
631 139 671 193 IN
689 139 939 196 DIOPHANTUM.

181 312 249 369 ,τοῦ
268 302 454 385 ἀφαιροῖτο.
486 308 598 388 πολλῷ
623 298 660 368 δέ
684 303 724 385 δὴ
748 299 862 383 πλέον,
885 298 939 366 καὶ
959 303 990 367 εί
1011 305 1133 385 μείζων
1156 309 1207 386 εἴη
1279 329 1281 370 ι

188 435 240 488 τις
263 422 331 474 τῶν
354 410 527 496 ὑπεροχῶν
545 419 606 474 τοῦ
628 409 763 493 ἡμίσεος
789 409 917 473 αὐτῶν
940 419 1122 493 τηνικαῦτα
1142 410 1207 490 γὰρ

190 521 209 586 6
233 511 268 587 5ο
286 526 320 593 λς
336 529 372 603 μο
393 519 558 582 πλειόνων
576 520 678 599 ἔσται,
702 517 722 600 ἢ
742 516 831 581 ὅσων
850 516 1097 600 ἀναφανήσεται
1117 515 1135 580 ὁ
1156 506 1194 584 5ο
1203 567 1209 579 .
1280 563 1281 570 1

190 630 211 713 ἡ
237 625 273 695 66
297 628 409 712 ἀγανὴ
433 633 493 690 τοῦ
512 627 743 707 προβλήματος
766 622 863 707 ὁμοία
886 631 926 706 τῇ
950 634 1008 707 ιηλ

166 751 179 792 5
257 733 381 801 Ἰστέον
414 732 460 809 ὡς
489 731 572 795 κατὰ
599 733 658 795 τὸν
686 730 949 815 προσβιορισμὸν
976 738 1037 794 τοῦ
1065 736 1147 811 ιθοο,
1181 731 1213 794 εί

193 840 254 928 μὲν
277 852 366 924 τρεῖς
390 840 474 904 είσιν
498 836 534 902 ολ
553 835 703 921 ἀριθμοί,
730 835 771 900 οὐ
795 836 901 900 δεῖται
923 836 1210 920 προσδιορισμοῦ·
1280 859 1281 900 3

194 951 225 1014 εί
248 947 284 1014 δὲ
307 946 478 1031 τέσσαρες,
503 946 557 1009 βεῖ
576 950 637 1008 τοῦ
661 942 695 1006 ἐκ
718 951 775 1026 τῆς
798 941 976 1027 ὑπεροχῆς,
1004 953 1071 1007 τῶν
1095 943 1211 1007 τεσσά-

194 1079 266 1142 ρων
297 1055 334 1118 τὸ
366 1053 469 1136 ἥμισυ
507 1053 618 1134 μεῖζον
651 1043 737 1114 εἶναι
775 1046 915 1114 ἑκάστου
945 1049 1073 1113 αὐτῶν·
1112 1050 1144 1113 εί
1175 1046 1212 1113 ὑὲ

194 1160 306 1244 πέντε,
334 1161 371 1225 τὸ
399 1167 457 1242 τῆς
484 1157 647 1241 ὑπεροχῆς
674 1158 787 1241 τρίτον
815 1159 926 1238 μεῖζον
954 1150 1040 1220 εἶναι
1070 1152 1211 1219 ἑκάστου
1280 1149 1281 1222 ζ

156 1286 182 1326 10
196 1268 325 1333 αὐτῶν·
354 1268 385 1330 εί
412 1262 448 1329 δὲ
471 1262 521 1346 ἐξ,
549 1265 586 1329 τὸ
609 1261 785 1348 τέταρτον·
811 1259 866 1327 καὶ
890 1260 954 1327 αίελ
977 1261 1212 1361 ὁμοίως-παρὰ
1279 1247 1281 1316 ἶ

197 1375 258 1440 δύο
283 1373 431 1458 μονάδας
452 1380 513 1436 τοῦ
537 1368 658 1468 μέρους
687 1367 960 1452 λαμβανομένου·
987 1367 1041 1433 καὶ
1066 1367 1084 1433 6
1110 1370 1131 1433 ὃ
1153 1376 1212 1433 τοῦ
1280 1367 1281 1420 ἰ

198 1482 345 1546 ὑυοστοῦ
362 1474 514 1562 ὑπερέχει
534 1487 570 1560 μο
584 1481 621 1559 β,
640 1473 694 1540 καὶ
714 1475 731 1540 6
749 1485 766 1540 ῖ
784 1484 845 1541 τοῦ
863 1487 923 1559 χοο,
942 1473 997 1541 καὶ
1012 1475 1029 1540 6
1045 1478 1064 1542 ξ
1078 1485 1141 1540 τοῦ
1157 1477 1212 1539 ὑοο.

391 1725 451 1789 AD
474 1723 713 1789 PROBLEMA
736 1723 823 1789 XIX.
857 1723 1021 1812 (Ἄλλως.)

431 1851 597 1932 Ξᾶψπ
985 1858 1003 1864 ”

645 1974 710 2008 0-

522 1996 1049 2100 ‚ML-„ffl-

290 2121 962 2218 5αλμοε,εᾶλιμοῑ,μολξλκεᾱ,
1008 2142 1069 2201 sa

204 2267 273 2325 ι’σω.
338 2255 585 2343 §smmis
698 2260 734 2324 ῖσ.
847 2263 1085 2345 Memfi&

202 2407 256 2468 πρ.
338 2369 418 2452 5Ξὺ
696 2384 732 2447 ίο.
846 2387 918 2470 μορ

204 2533 274 2594 μερ.
356 2518 421 2578 δᾶ
698 2511 733 2572 ίο.
846 2519 882 2592 μο
897 2512 934 2573 τῖε

165 2634 259 2703 ιοὺπ.
351 2636 442 2718 μοιἰ,
510 2636 609 2717 μοιέ,
679 2644 761 2717 μοῑ,
910 2637 1006 2717 μοοῑε.

273 2755 341 2823 Καὶ
369 2759 406 2822 τὸ
434 2758 542 2842 παρὸν
565 2759 740 2843 πρόβλημα
768 2757 889 2841 ὁμοίαν
913 2761 979 2842 έχει
1002 2759 1064 2842 τὴν
1088 2757 1223 2843 ἀγωγὴν

206 2874 252 2952 τῷ
277 2876 340 2948 ιηοο
354 2867 412 2948 βο·
436 2862 530 2948 ὑμεῖς
553 2861 601 2946 δέ,
627 2864 736 2949 ὥσπερ
760 2863 866 2930 έκεῖνο
890 2864 945 2930 καὶ
969 2867 1024 2930 διὰ
1048 2877 1084 2949 μο
1108 2869 1223 2950 μόνων

208 2969 438 3054 ἀπεδείξαμεν,
466 2967 522 3034 καὶ
549 2971 586 3035 τὸ
613 2971 721 3055 παρὸν
744 2975 972 3057 πειρασόμεθα
997 2971 1110 3050 δεῖξαι.
1156 2973 1225 3040 ἐπεὶ

210 3078 246 3143 οί
266 3076 412 3143 ἀπὸτοῦ
435 3087 596 3166 αοοπρεῖς
617 3076 817 3163 ὑπερέχουσι
838 3088 899 3144 τοῦ
923 3080 972 3144 ὑοο
995 3090 1031 3164 μο
1050 3083 1085 3164 νἰ,
1108 3080 1168 3163 <οί
1190 3078 1225 3146 δὲ

171 3204 197 3244 25
211 3183 273 3248 ἀπὸ
302 3171 362 3248 τοῦ
385 3186 435 3266 βοο
457 3196 545 3270 τρεῖς
571 3193 633 3250 τοῦ
660 3195 710 3249 αοο
729 3197 765 3268 μο
778 3171 814 3270 λ,
843 3188 933 3251 ἔσται
961 3187 1025 3273 ἄρα
1052 3190 1226 3272 σνναμφὺ

210 3314 304 3375 τερος
328 3289 345 3354 6
370 3292 417 3373 βοο
439 3289 494 3356 καὶ
518 3292 536 3358 6
558 3302 623 3376 χοο,
647 3303 683 3376 μο
698 3294 743 3357 ᾗ.
788 3293 889 3357 πάλιν
916 3291 986 3358 ἐπεὶ
1014 3293 1049 3357 oc
1073 3293 1138 3359 ίιπὸ
1167 3303 1225 3359 τοῦ

212 3408 261 3461 αοο
283 3407 370 3482 τρεῖς
393 3396 591 3484 ὑπερέχουσι
614 3406 674 3464 τοὺ
699 3400 748 3463 ὑοο
766 3408 802 3482 μο
816 3399 869 3483 Ξ),
894 3400 929 3463 oc
950 3396 987 3464 ὑὲ
1010 3399 1074 3466 ἀπὸ
1097 3410 1159 3466 τοῦ
1177 3412 1225 3484 νοο

212 3515 299 3590 τρεῖς
321 3515 382 3570 τοῦ
406 3508 456 3589 βοο
474 3516 510 3589 μο
525 3499 562 3590 μ,
586 3507 679 3572 ἔσται
702 3506 767 3590 ίίρα
790 3509 1042 3592 συναμφότερος
1064 3507 1082 3572 6
1107 3517 1155 3572 αοο
1173 3505 1228 3573 καί
