2570 3988
170 193 287 248 XXXVI
535 189 810 242 PROLEGOMENA.

169 377 306 440 rumque
334 355 367 417 in
396 353 501 430 λείψει
532 350 675 417 solutum
703 352 753 413 est
762 347 802 435 t),
835 351 912 432 post
944 369 1040 430 quam
1069 368 1183 412 vocem

171 463 333 547 genitivus
357 481 450 524 casus
474 457 643 542 ponendus
668 460 731 537 est,
753 454 840 519 haud
862 476 937 518 raro
960 455 995 518 in
1018 453 1125 519 codice
1150 453 1184 517 A

171 571 278 633 exstat
311 587 369 649 pro
401 564 515 628 formis
547 563 637 626 verbi
669 563 794 626 λείπειν
828 559 948 646 (λιπὼν
977 562 1028 624 vel
1054 562 1184 642 λείψεις,

173 674 270 739 etiam
300 673 398 736 semel
426 671 574 757 λίπωσι),
605 669 682 753 104,
705 671 761 752 21,
785 669 844 751 22,
880 669 1013 753 106,1,
1047 668 1124 750 130,
1149 670 1184 750 3,

173 783 249 864 132,
273 781 331 863 24,
370 778 444 859 140,
468 778 525 859 22,
559 776 716 859 176,17,
751 775 908 857 182,10,
936 776 990 858 13,
1026 775 1184 858 186,16,

172 888 322 972 364,16,
346 885 429 949 unde
453 884 624 949 concludas
649 883 683 946 in
703 881 783 947 locis
802 881 859 946 ubi
877 882 960 964 AB1
985 883 1184 965 scripserunt
1278 865 1279 922 i

172 997 279 1071 λείψει
311 1015 381 1058 cum
416 991 613 1073 accusativo,
651 989 728 1070 156,
754 990 789 1072 3,
815 989 849 1072 5,
874 990 907 1070 8,
935 987 988 1072 10,
1025 988 1183 1070 140,14,

172 1102 249 1186 176,
277 1101 330 1182 12,
364 1099 441 1183 182,
466 1100 499 1180 8,
525 1099 581 1180 11,
615 1097 691 1179 186,
719 1096 772 1175 12,
803 1095 1030 1178 compendium
1054 1094 1088 1162 rt
1114 1095 1184 1158 sine

171 1209 260 1272 finali
291 1206 417 1290 syllaba
445 1206 480 1268 in
507 1203 681 1287 archetypo
712 1201 874 1266 exstitisse
903 1202 959 1266 sed
987 1202 1070 1266 male
1099 1201 1184 1264 solu·

171 1321 242 1378 tum
265 1335 343 1378 esse.

240 1427 474 1511 Compendium
508 1432 544 1494 1.
581 1446 641 1510 pro
674 1424 761 1509 ὀρθή
794 1425 984 1509 plerumque
1017 1423 1086 1486 sine
1118 1422 1185 1486 ulla

174 1558 267 1601 casus
282 1539 361 1600 nota
377 1537 539 1598 servatum
555 1537 604 1596 cst
621 1529 722 1618 (certe
737 1553 802 1595 non
818 1525 1046 1615 intellectum):
1064 1529 1137 1614 392,
1151 1529 1185 1612 5,

174 1644 320 1727 394,13;
345 1641 418 1722 396,
438 1641 471 1726 3,
496 1641 571 1718 402,
595 1641 643 1717 10,
666 1639 719 1718 18,
743 1639 893 1722 404,17,
917 1636 992 1721 406,
1008 1639 1036 1718 7,
1056 1637 1089 1719 8,
1111 1636 1185 1714 408,

173 1751 207 1832 2,
237 1749 310 1831 410,
335 1750 364 1832 2,
388 1748 422 1829 3,
449 1748 525 1829 412,
548 1747 578 1828 4,
600 1746 650 1828 12,
671 1747 721 1826 14,
741 1747 796 1828 23,
824 1746 900 1828 414,
922 1747 951 1827 2,
974 1745 1030 1826 26,
1058 1744 1185 1829 418,1,

101 1921 112 1946 ο
174 1855 250 1938 426,
270 1856 302 1936 8,
333 1856 412 1937 444,
433 1853 484 1918 15.
531 1851 580 1916 Of.
604 1853 755 1934 366,14,
779 1852 833 1916 ubi
857 1874 916 1934 pro
941 1873 978 1915 eo
1002 1852 1034 1915 A
1058 1851 1186 1933 scripsit

175 1961 237 2045 AY,
261 1961 294 2024 B
319 1961 501 2042 δυνάμεων.

242 2074 304 2140 Pro
341 2075 467 2160 πλευρά
509 2076 666 2159 seriptum
709 2077 759 2137 est
794 2074 913 2148 πλάσις
950 2073 1006 2150 92,
1035 2074 1088 2156 12,
1131 2072 1186 2136 scd

175 2183 255 2247 alibi
274 2182 498 2266 compendium
518 2182 709 2264 simpliciter
727 2182 754 2243 a·
770 2180 895 2244 videtur
913 2171 1022 2261 fuisse,
1042 2181 1186 2263 202,14,

175 2289 334 2372 450,17,
370 2289 454 2352 unde
485 2288 636 2351 mendum
675 2287 801 2371 πλευρά
838 2309 896 2370 pro
929 2296 999 2361 πῶς
1027 2285 1107 2369 450,
1132 2287 1186 2368 18,

175 2395 398 2479 compendium
422 2387 506 2458 idem
529 2415 589 2476 pro
614 2415 690 2458 voce
713 2398 843 2478 πλῆθος
866 2395 1002 2477 apparet
1024 2393 1099 2471 356,
1115 2394 1143 2456 7.

241 2519 312 2582 Hae
345 2519 400 2602 qui
431 2518 639 2603 perpenderit
671 2519 778 2582 nullus
807 2517 970 2582 dubitabit
997 2516 1187 2601 compendia

176 2625 240 2689 nisi
273 2647 400 2709 semper
433 2626 549 2688 saltem
583 2647 678 2708 saepe
711 2624 743 2689 in
778 2623 956 2706 archetypo
989 2624 1077 2688 notis
1113 2624 1188 2688 fina-
1278 2621 1279 2624 '

176 2731 254 2794 lium
290 2732 445 2795 destituta
477 2732 585 2797 fuisse.
641 2731 867 2815 Archetypum
901 2735 1007 2794 autem
1041 2728 1091 2816 (a)
1123 2754 1188 2796 non
1278 2749 1279 2774 ¹

177 2837 271 2902 nobis
298 2843 543 2921 repraesentant
567 2838 693 2902 codices
717 2836 815 2920 AB„
844 2837 899 2900 sed
928 2839 1124 2921 scripturam
1151 2838 1188 2902 li-

179 2945 278 3007 brarii
315 2941 372 3031 (a)
412 2945 467 3029 qui
503 2944 608 3010 Marte
649 2944 781 3028 proprio
819 2944 1011 3027 compendia
1046 2945 1187 3009 resolvit.

177 3051 356 3134 Archetypi
389 3052 489 3135 igitur
522 3052 697 3136 genuinam
728 3050 866 3114 formam
899 3051 1069 3115 restituere
1097 3052 1189 3116 nulla

180 3179 254 3239 spes
278 3162 429 3222 remanet.

253 3387 278 3453 1)
298 3384 432 3437 Attamen
451 3387 477 3436 A
495 3382 588 3451 prima
605 3398 691 3435 manu
711 3383 824 3452 scripsit
842 3388 933 3452 λεῖψις
952 3390 994 3452 20,
1014 3390 1056 3454 21,
1076 3391 1122 3452 28,
1148 3351 1189 3454 218,

182 3478 227 3539 13;
252 3478 294 3540 34,
315 3477 418 3540 13,14,
440 3477 485 3536 rc,
510 3477 551 3538 38,
573 3476 617 3537 14;
639 3477 680 3540 40,
702 3477 725 3541 1,
746 3478 774 3540 2³
794 3478 836 3540 44,
857 3479 881 3542 3,
901 3478 948 3539 a4;
973 3475 1002 3526 et
1020 3477 1110 3541 εεῑψις
1129 3492 1191 3528 eum

178 3561 277 3615 dativo
297 3566 339 3628 32,
361 3566 402 3628 12,
424 3565 469 3626 rc;
494 3564 536 3627 34,
556 3566 603 3626 ιο;
628 3562 680 3615 ecc.
719 3563 839 3629 λείψεων
858 3567 900 3630 44,
922 3566 964 3616 ao.
