2578 3984
167 219 208 284 86
410 216 659 272 PAOHYMERAF,
678 215 937 272 PARAPHRASIS.

165 381 313 466 ἀριθμὸν
338 381 480 465 διαιρεῖν
505 380 541 444 ἐν
565 382 653 467 λόγῳ
677 379 697 463 ἣ
722 380 885 468 διπλασίῳ
909 378 929 462 ἣ
952 381 1135 467 τριπλασίῳ
1159 378 1184 462 ἢ

166 489 413 574 ὁποσαπλασίῳ,
437 487 493 551 ἵνα
512 487 581 571 ἐχοι
599 489 638 552 τὸ
657 485 757 570 μέρος
774 495 835 551 τοῦ
854 485 976 571 μέρους
992 487 1053 550 τὸν
1071 495 1184 552 τοιοῦ-
1279 468 1280 473 ¹

164 619 224 660 τον
252 597 364 678 λόγον.
402 595 455 658 δεῖ
476 588 549 676 οὗν,
578 594 609 657 εί
635 591 671 658 ἐν
695 594 857 678 διπλασίῳ
885 595 973 679 λόγῳ
1001 591 1184 659 ἐπιταττοί-

166 708 253 786 μεθα
278 703 432 785 διαιρεῖν,
455 701 637 784 λαμβάνειν
656 702 715 766 τὸν
733 710 794 766 τοῦ
814 701 894 765 ὅλου
916 699 1182 784 ὑποτριπλάσιον

139 807 220 874 ικαὶ
242 811 302 874 τὸν
322 817 479 873 τοιοῦτον
499 807 629 873 τιθέναι
649 808 777 872 ἐλάσσω
802 808 893 892 ὅρον,
918 802 959 872 οὗ
982 808 1041 871 τὸν
1066 808 1183 872 διπλά-

166 933 241 981 σιον
269 915 496 999 λαμβάνομεν,
528 917 588 980 τὸν
616 917 734 980 λοιπὸν
762 916 919 998 δηλονότι
955 916 1052 998 μείζω
1086 913 1181 998 ὅρον,

164 1021 219 1088 παὶ
246 1024 283 1087 τὸ
311 1024 487 1106 πρόβλημα
516 1025 651 1105 γίνεται.
699 1014 771 1087 οἷον
802 1022 832 1085 εί
861 1020 1091 1104 ἐπιταχθῶμεν
1116 1022 1183 1085 διε-

165 1135 237 1194 λεῖν
265 1127 301 1194 ἐν
329 1130 520 1194 διπλασίονι
547 1132 636 1215 λόγῳ
664 1128 724 1192 τὸν
752 1114 794 1193 οἶδ
825 1127 986 1212 ἀριθμόν,
1021 1129 1183 1210 ζητοῦμεν

164 1238 224 1302 τὸν
255 1235 518 1321 ὑποτριπλάσιον
550 1235 655 1299 αὐτοῦ
687 1231 742 1300 καὶ
775 1237 866 1300 ἔστιν
895 1233 913 1298 6
941 1242 976 1317 ἦ·
1007 1235 1130 1299 τούτου
1164 1234 1183 1299 6

125 1369 151 1408 ιο
166 1344 349 1428 διπλάσιος,
373 1344 529 1426 δηλονότι
553 1342 570 1407 6
595 1343 709 1417 λοιπὸς
733 1340 750 1405 6
776 1344 824 1423 ιξ,
849 1343 968 1425 μείζων
992 1341 1070 1426 ὅρος
1092 1344 1183 1424 γίνε-

163 1475 228 1532 ται,
252 1447 307 1514 καὶ
331 1447 580 1535 ἀναπληροῦται
607 1450 644 1514 τὸ
672 1451 859 1533 πρόβλημα·
889 1447 906 1512 6
932 1449 995 1533 γάρ
1020 1450 1052 1516 a}
1075 1457 1137 1514 τοῦ
1160 1458 1184 1532 ῆ

165 1557 352 1638 διπλάσιος,
381 1554 438 1620 καὶ
464 1560 498 1624 ῖς
521 1554 576 1620 καὶ
599 1542 701 1640 ῇ,νιδ.

232 1665 276 1727 Εἰ
302 1660 339 1727 δὲ
368 1661 404 1727 ἐν
427 1665 637 1747 τριπλασίονι
666 1665 754 1750 λόγῳ
778 1662 1033 1746 ἐπιταττοίμεθα
1057 1663 1184 1726 διελεῖν

164 1771 224 1834 τὸν
248 1767 393 1834 δοθέντα
421 1768 583 1857 ἀριθμόν,
612 1771 666 1834 δεῖ
690 1771 806 1852 λαβεῖν
829 1769 888 1834 τὸν
911 1777 971 1833 τοῦ
994 1767 1076 1833 ὅλου
1099 1767 1184 1833 ὑπο-

125 1901 150 1942 15
164 1876 404 1956 τετραπλάσιον
422 1874 477 1941 καὶ
500 1885 635 1960 ποιῆσαι
658 1883 778 1941 τοῦτον
798 1874 925 1940 ἐλάσσω
946 1875 1028 1959 ὅρον
1046 1873 1102 1939 καὶ
1121 1876 1182 1939 τὸν

164 1983 282 2047 λοιπὸν
305 1985 418 2066 μείζω,
445 1980 500 2046 καὶ
527 1985 655 2066 γίνεται
684 1983 722 2048 τὸ
745 1980 949 2068 προβληθέν.
994 1974 1067 2046 οἷον
1096 1984 1181 2046 ἔστω

164 2088 182 2153 6
207 2089 223 2168 ξ
247 2087 287 2153 δν
309 2090 362 2153 δεῖ
383 2090 517 2172 διελεῖν,
537 2089 694 2174 λαμβάνω
713 2090 835 2154 τούτου
856 2091 916 2153 τὸν
934 2088 1183 2172 ὑποτετραπλα-

165 2198 262 2261 σίονα
284 2194 340 2260 καὶ
363 2197 454 2261 ἐστιν
477 2196 495 2262 6
517 2199 564 2262 ἴε·
595 2206 716 2262 τοῦτον
738 2202 823 2260 τιθῶ
847 2196 930 2280 ὅρον
953 2194 1092 2274 ἐλάττω,
1120 2196 1182 2260 τὸν

165 2298 202 2366 δὲ
231 2305 350 2368 λοιπὸν
378 2307 418 2388 με
448 2307 557 2387 μείζω,
591 2301 646 2368 καὶ
674 2306 804 2387 γίνεταί
831 2325 887 2386 μοι
916 2302 955 2366 τὸ
987 2303 1181 2386 πρόβλημα·

125 2409 205 2494 εομε
227 2410 291 2497 γάρ
314 2409 369 2476 καὶ
389 2413 432 2493 iz,
448 2396 480 2494 ξ,
504 2408 558 2475 καὶ
582 2412 672 2474 ἐστιν
693 2409 711 2474 6
735 2412 775 2494 με
797 2418 858 2474 τοῦ
882 2412 911 2474 ιέ
934 2407 1135 2493 τριπλάσιος.

230 2519 276 2582 El
297 2515 334 2584 δὲ
358 2519 394 2584 ἐν
417 2521 670 2603 τετραπλασίονι
699 2519 786 2602 λόγῳ
816 2515 1070 2599 ἐπιταττοίμεθα
1095 2514 1183 2579 διαι-

162 2634 236 2708 ρεῖν
259 2626 318 2691 τὸν
342 2624 487 2690 δοθέντα
515 2623 679 2709 ἀριθμόν,
708 2625 762 2688 δεῖ
787 2625 902 2706 λαβεῖν
924 2623 985 2687 τὸν
1007 2629 1068 2687 τοῦ
1097 2621 1181 2687 ὅλον

163 2731 498 2798 ὑποπενταπλασίονα
529 2729 585 2795 καὶ
616 2739 737 2795 τοῦτον
768 2729 900 2794 τιθέναι
928 2728 1010 2813 ὅρον
1038 2726 1181 2812 ἐλάσσω,

164 2839 222 2903 τὸν
251 2835 288 2903 δὶ
320 2841 439 2904 λοιπὸν
466 2840 580 2922 μείζω,
611 2838 671 2902 τὸν
699 2839 882 2921 λεγόμενον
909 2832 964 2899 καὶ
998 2834 1181 2918 ἀποτομήν,

124 2942 219 3010 τεκαὶ
245 2947 376 3028 γίνεταί
400 2967 457 3027 μοι
484 2945 521 3009 τὸ
549 2942 752 3028 προβληθέν.
799 2934 874 3008 οἷον
901 2944 984 3006 ἐστω
1013 2940 1030 3005 6
1066 2939 1182 3018 δοθεὶς

164 3051 308 3136 ἀριθμὸς
334 3037 354 3115 λ
383 3050 423 3115 ὃν
447 3051 500 3115 δεῖ
524 3052 646 3115 διελεῖν
669 3051 752 3114 κατά
775 3051 878 3132 λόγον
900 3050 1181 3131 τετραπλασίονα·

163 3159 286 3222 τούτου
323 3156 481 3240 λαμβάνω
518 3158 578 3222 τὸν
611 3158 945 3222 ὑποπενταπλασίονα
976 3155 1037 3219 τὸν
1069 3157 1088 3222 ξ
1125 3151 1181 3218 καὶ

164 3267 281 3347 τίθημι
313 3272 434 3348 τοῦτον
462 3263 590 3329 ἐλάσσω
624 3264 720 3351 ὅρον,
759 3265 818 3330 τὸν
846 3259 883 3327 δὲ
912 3263 1031 3327 λοιπὸν
1057 3262 1118 3326 τὸν
1139 3247 1182 3325 οἶδ

166 3373 274 3454 μείζω,
297 3368 353 3435 καὶ
376 3373 508 3453 γίνεταί
528 3393 584 3455 μοι
607 3371 644 3435 τὸ
668 3372 855 3454 πρόβλημα·
877 3354 921 3434 οἰδ
939 3370 1003 3454 γάρ
1022 3365 1078 3432 καὶ
1097 3370 1128 3450 ξ,
1142 3353 1181 3432 λ·

123 3477 183 3542 ιοὸ
207 3463 249 3542 26
273 3475 310 3543 δὲ
333 3487 393 3543 τοῦ
415 3481 435 3545 ξ
458 3477 703 3561 τετραπλάσιος.

233 3583 300 3649 Καὶ
319 3583 372 3650 ε’πὶ
391 3585 525 3650 πάντων
544 3583 562 3649 6
582 3585 681 3660 αὐτὸς
700 3586 809 3667 λόγος,
832 3583 1073 3667 λαμβανόντων
1088 3580 1182 3665 ἡμῶν
