2578 3984
172 172 217 237 56
318 171 367 226 DE
385 171 597 227 DIOPHANTO
616 170 841 228 TESTIMONIA
858 171 1043 228 VETERUM.

135 390 194 423 *s
648 370 717 455 <ζ>·

131 428 162 554 δ
212 509 261 575 Ἡ
279 513 384 596 καρύη
408 516 582 577 πολλοῖσιν
606 511 773 595 ἐβεβρίθει
795 512 984 598 καρύοισιν·

218 627 284 683 νῦν
303 617 343 684 δέ
359 641 408 695 τις
428 618 581 701 ἐξαπίνης
599 642 657 702 μιν
676 615 869 701 ἀπέθρισεν,
889 616 973 683 ἀλλά
991 620 1026 684 τί
1042 637 1163 702 φησιν;

215 721 270 789 Ἐκ
293 721 354 808 μὲν
377 723 455 808 ἐμεῦ
471 725 613 804 καρύων
635 722 784 808 πέμπτον
807 724 886 807 λάβε
906 726 1163 808 Παρθενόπεια·

145 853 160 893 τ
219 832 383 915 ὀγδόατόν
408 827 445 896 δὲ
471 833 614 895 Φίλιννα
637 828 732 914 φέρει
755 830 869 915 λάχος,
892 830 913 914 ή
933 825 963 894 δ’
982 828 1167 915 Ἀγανίππη

217 937 389 1022 τέτρατον,
412 935 582 1023 ἑβδομάτῳ
607 930 638 1000 δ’
656 934 859 1021 ἐπιτέρπεται
878 933 1067 1021 Ὠρείθυια·
1272 943 1274 1022 3

218 1044 316 1128 ἕκτην
340 1041 370 1109 δ’
388 1043 570 1129 Εὐρυνόμη
593 1043 728 1128 καρύων
752 1041 912 1128 ἐδρέύατο
936 1045 1068 1129 μοίρην,
1272 1025 1274 1118 δ

218 1148 349 1236 τρισσαὶ
374 1145 404 1216 δ’
426 1149 459 1228 ἐξ
484 1148 600 1215 ἑκατὸν
623 1149 763 1233 Χάριτες
787 1151 1053 1237 διεμοιρήσαντο,

218 1257 332 1324 ἐννάκι
356 1253 385 1322 δ’
406 1254 501 1321 ἐννέα
515 1259 654 1321 Μοῦσαι
677 1255 755 1340 ἐμεῦ
779 1256 896 1339 λάβον·
924 1255 1003 1322 ἑπτά
1028 1254 1065 1323 δὲ
1089 1259 1192 1324 λοιπά

134 1386 161 1425 10
220 1366 311 1448 δήεις
333 1363 570 1448 ἀκρεμόνεσσιν
594 1361 741 1447 ἐφήμενα
763 1361 1000 1448 τηλοτέροισιν.

242 1507 423 1589 Σχόλιον.
455 1503 580 1590 Εὑρεῖν
598 1504 745 1588 ἀριθμὸν
760 1503 797 1580 ὃς
816 1506 932 1583 λείψας
950 1503 1050 1591 μέρος
1069 1505 1192 1572 ἑαυτοῦ

173 1608 358 1694 εἠ’δ’ζ’ς’
382 1610 446 1688 ἕξει
469 1611 586 1687 λοιπάς
608 1622 645 1696 μ0
663 1611 736 1695 τ’πη.
773 1609 829 1676 καὶ
856 1619 953 1676 τοῦτο
978 1612 1098 1696 ὅμοιον
1119 1624 1192 1689 τοῖς

173 1718 237 1800 πρὸ
269 1717 372 1783 αὐτοῦ
399 1714 454 1781 καὶ
483 1717 639 1795 ὡσαύτως
671 1718 875 1803 ἐφοδεύεται.
921 1715 977 1783 καὶ
1008 1719 1072 1802 γάρ
1101 1719 1191 1806 εὑρί-
1275 1704 1277 1778 λ

174 1841 297 1908 σκομεν
321 1823 468 1910 ἀριθμὸν
496 1823 532 1900 ὃς
559 1824 729 1909 ἐλάχιστος
757 1826 805 1889 ὢν
833 1823 898 1901 ἕξει
925 1825 965 1890 τά
988 1826 1190 1910 προκείμενα
1276 1843 1277 1912 3

132 1952 159 1993 15
174 1928 268 2016 μέρη,
291 1929 345 1995 καὶ
369 1932 499 1998 ἔστινὸ
530 1933 595 2017 ω’μ·
627 1930 683 1996 καὶ
716 1931 774 1997 ἐδιν
807 1933 904 2016 λείήη
929 1925 1036 2029 ούτος
1068 1929 1190 1998 ἑαυτοῦ

174 2033 332 2120 εἠ’δ’ζ’
344 2034 387 2120 ς’,
415 2040 514 2104 λοιπά
545 2042 677 2104 ἔσονται
699 2039 740 2103 τδι
764 2036 907 2123 μένοντα
936 2041 990 2116 ἢζ.
1036 2036 1092 2103 καὶ
1120 2037 1189 2104 ἐπεὶ
1276 2095 1278 2162 l

174 2143 191 2210 ὁ
216 2147 280 2227 τῖη
302 2146 538 2228 τετραπλάσιος
561 2145 790 2244 αὐτοῦ-ἐστιν,
820 2145 871 2209 δελ
897 2141 953 2208 καὶ
981 2146 1041 2209 τὸν
1064 2149 1117 2231 ω“μ
1140 2169 1189 2211 τε·
1277 2165 1278 2200 ι

172 2251 426 2338 τραπλασιάσαι,
449 2250 504 2317 καὶ
523 2255 650 2335 γίνεται
665 2254 731 2340 ,μτξ
755 2249 810 2317 καὶ
832 2261 923 2317 ποιεῖ
943 2252 980 2316 τὸ
1003 2254 1188 2338 πρόβλημα.

605 2507 635 2566 η.
666 2484 756 2548 άλλο.

133 2648 160 2686 εο
214 2621 424 2709 Ἑπτάλοφον
447 2623 524 2690 ποτὶ
546 2625 630 2689 άστυ
653 2624 861 2710 Γαδειρόθεν
884 2624 980 2690 ἕκτον
1004 2625 1097 2692 ὁδοῖο

885 2715 947 2798 τήν
957 2711 1086 2799 Ῥώμην
1100 2714 1188 2799 λέγει

262 2822 397 2898 Βαίτιος
411 2819 575 2904 εὐμύκους
589 2820 683 2906 άχρις
697 2819 734 2884 έν
747 2820 875 2903 ήιόνας·
916 2825 1029 2898 Βαίτις
1043 2826 1191 2909 ποταμός

217 2934 332 2993 κεύδεν
357 2923 387 2991 δ’
410 2920 452 2990 αὖ
475 2925 624 3010 πέμπτον
643 2926 805 2992 Πυλάδου
828 2927 909 3012 μετὰ
928 2928 1063 2994 Φώκιον
1087 2925 1189 3008 οὖδας

265 3034 379 3117 Ταύρη
402 3032 498 3117 χθὼν
521 3030 619 3116 βοέης
643 3026 760 3117 οὔνομ’
778 3029 834 3098 ἀπ’
852 3033 1000 3117 εύεπίης·

132 3162 160 3202 25
219 3143 383 3226 Πυρήνην
407 3137 448 3205 δέ
467 3163 519 3204 τοι
543 3141 644 3205 ἐνθεν
668 3136 716 3204 ἐπ’
736 3139 961 3227 ὀρθόκραιρον
985 3142 1070 3207 ίόντι

262 3248 387 3330 όγδοον
409 3243 470 3330 ήδέ
493 3255 570 3332 μιής
593 3243 782 3312 δωδέκατον
806 3247 959 3325 δεκάδος·

246 3475 420 3545 1Ep.X1V‚
437 3481 496 3530 120.
584 3469 748 3544 6Ὠρίδοια
767 3475 797 3530 Ρ.
890 3476 1101 3546 λΕόρυνομείη
1121 3477 1152 3531 Ρ.

174 3546 207 3601 19
226 3547 277 3616 Ep.
293 3546 366 3615 XIV,
383 3552 443 3602 121.
517 3551 551 3599 24
570 3547 678 3615 εόετίης
696 3546 740 3600 ed.
819 3552 853 3602 26
873 3546 992 3616 δεκάτης
1010 3547 1053 3602 ed.
