2558 3984
276 201 316 256 ω
334 200 580 256 οιοΡΗεωνοιι
598 201 753 258 εοΗοιιι
770 161 924 259 ντωειε.
1046 203 1112 269 259

93 368 171 451 μόν,
199 362 255 431 παὶ
279 363 315 431 ἐκ
336 373 398 430 τοῦ
420 370 442 448 ᾦ
468 363 623 452 ἀριθμῶν
646 363 706 430 ἕνα
734 363 895 452 ἀριθμόν,
918 362 973 430 καὶ
1001 363 1113 433 λοιποὶ

93 471 236 558 ἀριθμοὶ
257 457 285 555 ό
305 478 373 540 ἴσοι
395 483 432 557 μο
446 497 479 557 μ.

97 615 99 620 ·
163 581 214 646 12.
249 580 301 644 Ad
323 579 427 664 probl.
444 579 551 664 1‚v111
569 577 615 667 (p.
629 577 773 666 24,24):
800 582 846 645 El
865 580 930 665 γάρ
953 580 998 664 μή
1021 581 1113 646 ἔστιν

93 687 112 753 6
136 687 315 772 διδόμενος
340 688 441 770 λόγος
468 686 612 752 ἐλάττων
635 688 824 771 τοῦλόγου
848 685 888 752 δν
912 689 978 770 ἔχει
1001 685 1019 754 6
1043 688 1113 772 μεθ

94 798 159 874 ζων
177 795 261 878 πρὸς
283 795 343 859 τὸν
360 792 530 877 ἐλάττονα,
556 791 597 859 οὐ
619 795 797 881 προβαίνει
815 792 836 877 ή
855 792 971 871 δεῖξις·
995 794 1027 858 εό
1046 794 1111 879 γὰρ
1139 817 1152 858 ι

91 910 154 967 τοῦ
178 904 200 986 ρ
222 902 305 985 πρὸς
331 902 390 966 τὸν
412 902 434 966 ῖι
458 901 561 983 λόγον
587 901 834 967 πενταπλάσιον
863 902 1012 985 ἔχοντος,
1040 899 1111 978 ἑξα-

92 1009 236 1073 πλάσιον
268 1010 356 1092 ἔχειν
391 1010 471 1084 τοὺς
506 1006 709 1092 γενομένους
744 1005 1013 1094 προστιθεμένου
1049 1016 1111 1074 τοῦ

91 1115 242 1199 ἀριθμοῦ
264 1114 499 1198 άπαιτήσομεν,
522 1123 580 1198 τής
599 1112 732 1192 δείξεως
749 1115 1011 1200 προβαινούσης,
1035 1114 1110 1197 δεή-

92 1237 145 1288 σει
158 1223 207 1300 Ιτά
231 1224 364 1306 μείζονα
387 1215 473 1285 εἶναι
500 1231 568 1286 τῶν
591 1219 783 1287 ἐλασσόνων
806 1219 993 1299 ἑξαπλάσια.
1039 1219 1111 1299 ἕξά·

91 1353 143 1406 ιιις
171 1329 236 1414 ἄρα
262 1329 303 1393 τδι
330 1326 489 1393 ἐλάττονα
518 1333 573 1393 ἴσα
603 1330 694 1394 ἔσται
725 1337 795 1404 τοῖς
828 1330 970 1412 μείζοσι·
1003 1325 1109 1406 ἑξάκις
1124 1352 1151 1392 ιο

93 1433 131 1502 δὲ
153 1437 194 1500 τὰ
222 1434 386 1501 ἐλάσσονα
414 1438 565 1518 γίνονται
593 1432 733 1519 ἀριθμοὶ
762 1437 838 1519 ξμο
853 1437 915 1519 ρῖι·
943 1443 1046 1501 ταῦτα
1074 1431 1112 1499 δὲ

93 1543 156 1609 οὐκ
180 1548 234 1608 λσα
258 1542 390 1630 ἀριθμῷ
414 1549 492 1626 ᾶμθ
507 1543 545 1624 ρ,
575 1540 659 1606 ἀλλά
681 1543 836 1626 μείζονα,
859 1543 943 1606 ὥστε
965 1540 986 1625 ή
1010 1541 1111 1620 δεῖξις

93 1649 135 1715 οὐ
172 1650 355 1734 προβαίνει.
408 1648 530 1733 ὁμοίως
565 1646 621 1713 καὶ
658 1650 689 1713 εἰ
723 1649 972 1714 πενταπλάσιον
1008 1649 1111 1731 λόγον

93 1759 182 1841 ἔχειν
209 1759 288 1833 τοὺς
313 1754 517 1840 γενομένους
545 1754 796 1839 ἀπαιτήσωμεν·
823 1763 842 1819 ἒ
865 1752 1005 1840 ἀριθμοὶ
1032 1756 1109 1840 μορ

1 1889 2 1912 ι
85 1869 153 1929 ἴσοι
177 1865 316 1929 ἔσονται
338 1861 472 1950 ἀριθμῷ
497 1870 575 1947 ἄμο
590 1864 620 1947 ρ.
1124 1885 1150 1926 ιι

153 1971 223 2054 [13.
248 1970 298 2034 Ad
313 1969 417 2054 probl.
431 1970 456 2053 Ι,
471 1988 508 2034 lx
525 1967 569 2054 (p.
584 1970 636 2054 26,
653 1968 720 2056 ll):
739 1967 808 2035 Καὶ
822 1969 843 2053 ή
860 1970 949 2036 αἰτία
968 1966 1013 2035 δι’
1027 1969 1071 2053 ἣν
1091 1971 1109 2037 6

83 2077 350 2164 προσδιορισμὸς
369 2084 415 2163 τῷ
434 2073 503 2161 μετ’
518 2076 710 2154 ἐπιστασίας
729 2076 995 2160 ἀναγινώσκοντι
1012 2077 1107 2160 δήλη.

1 2271 2 2276 ¹
161 2186 214 2250 14.
246 2184 296 2247 Ad
315 2183 415 2267 probl.
436 2182 461 2261 I,
477 2202 514 2248 lx
529 2182 574 2268 (p.
589 2180 723 2270 26‚27):
742 2180 835 2249 Ἐπεὶ
848 2183 869 2267 ή
883 2188 993 2261 λεῑψις
1010 2181 1110 2267 ἀριθ-

1 2317 2 2328 ’
85 2289 144 2376 μοὶ
160 2293 205 2374 ξ,
229 2300 301 2368 ταις
318 2287 380 2375 μὲν
399 2291 439 2369 ρἰῐ
457 2290 601 2372 μονάσιν
620 2291 655 2355 oc
671 2291 692 2358 ξ
708 2288 951 2374 προστιθέντες
969 2288 1108 2374 ἀριθμοὶ

85 2398 297 2482 ἀφανίσουσι
319 2396 381 2480 τήν
399 2399 520 2478 λεῑψιν,
544 2406 616 2472 ταῖς
639 2393 675 2462 δὲ
694 2421 714 2482 ρ
734 2395 856 2481 μονάσι
879 2400 987 2474 λεῐήις
1010 2394 1106 2481 ἀριθ-
1121 2420 1149 2460 εο

86 2513 153 2592 μοῦ
177 2514 201 2568 οῖ
225 2504 427 2587 ποιήσουσιν
450 2501 616 2588 ἀριθμοὺς
638 2511 657 2567 ἒ
679 2513 715 2587 μο
730 2527 759 2588 ρ.
805 2500 861 2568 καὶ
888 2501 952 2568 ἀπὸ
980 2499 1106 2588 ὁμοίων

87 2614 162 2696 ήτοι
202 2611 360 2696 μονάδων
393 2610 505 2693 ὅμοια,
543 2608 890 2695 ἐναπολειφθήσονται
921 2607 1063 2696 ἀριθμοὶ
1093 2615 1112 2674 Ξ

87 2725 156 2786 ἴσοι
182 2729 220 2802 μο
238 2721 281 2798 ἴα]

161 2825 213 2891 15.
246 2825 297 2889 Ad
322 2825 424 2908 probl.
443 2823 470 2909 Ι,
484 2843 525 2891 x:
552 2825 627 2890 Δάο
655 2822 828 2889 δοθέντων
856 2822 1011 2907 ἀριθμῶν
1037 2820 1109 2886 ἀνί·
1227 2812 1232 2822 ’

92 2948 177 3014 σων,
210 2930 229 2996 6
261 2927 322 3013 μὲν
354 2933 489 3014 μείζων,
521 2931 540 2997 6
573 2927 611 2996 δὲ
642 2929 786 2996 ἐλάττων
818 2929 962 3015 ἀριθμὸς
994 2931 1107 3014 ἔχουσι
1122 2953 1149 2994 ει

91 3039 194 3121 λόγον
222 3037 305 3122 πρός
332 3034 497 3120 ἀλλήλους
523 3037 789 3120 πολλαπλάσιον,
818 3034 935 3102 ιιαθ’δ
958 3037 1063 3121 ἐδόθη
1087 3036 1105 3102 6

90 3147 112 3229 ρ
136 3142 191 3209 καὶ
217 3143 235 3209 6
257 3149 279 3209 ιί
302 3145 404 3226 λόγον
427 3145 557 3228 ἔχοντες
573 3137 616 3208 ἱ.
636 3141 692 3208 καὶ
715 3143 814 3221 αὐτὸς
837 3143 980 3231 ἀριθμὸς
1003 3144 1108 3228 ἐδόθη

94 3249 357 3338 προστιθέμενος
379 3247 440 3334 μὲν
462 3252 509 3327 εἰς
526 3250 586 3315 τὸν
604 3250 635 3332 τί,
658 3248 713 3316 καὶ
735 3249 836 3316 πάλιν
855 3250 873 3317 6
892 3250 992 3328 αὐτὸς
1010 3250 1110 3335 ἀφαι-

169 3591 274 3640 ιο-ιι
294 3585 407 3641 scholia
428 3590 469 3655 ιε,
489 3589 523 3638 14
541 3601 599 3640 non
616 3583 704 3639 habet
720 3568 754 3639 λ.

896 3673 951 3725 ιτ*
