2568 3980
363 229 517 286 SCHOLIA
535 231 575 284 IN
592 230 845 286 DIOPHANTUM.
1045 233 1107 298 149

95 418 149 459 ται
172 395 209 458 τὸ
232 395 577 479 παραλληλόγραμμον
600 404 637 477 μθ
652 396 688 479 ρ
718 392 773 460 καὶ
797 392 867 460 ἐπεὶ
890 396 929 459 τὰ
952 404 1032 479 εηθθ
1055 394 1110 480 μέ-

95 525 154 588 ρος
178 497 247 566 ἐστὶ
270 510 337 564 τῶν
361 503 400 582 μ’,
424 500 621 584 ἀπειλήφθιο
644 499 665 584 ἡ
685 505 754 565 ΑΕ
774 513 811 586 μθ
825 511 861 585 ἦ,
885 500 940 568 καὶ
964 500 1026 567 ἀπὸ
1050 511 1110 568 τοῦ

94 613 126 673 Ε
147 615 187 692 τῇ
211 611 280 672 ΑΓ
297 607 507 691 παράλληλος
529 607 623 691 ἤχθω
646 607 666 691 ἡ
690 612 764 673 ΕΖ.
806 610 909 693 δῆλον
933 610 973 692 δὴ
998 608 1049 674 ὅτι
1072 611 1108 674 τὸ

94 720 161 781 ΑΖ
186 725 223 801 μθ
247 712 316 780 ἐστὶ
343 715 381 798 μ,
409 710 557 810 καὶ-ἐπεὶ
581 713 600 796 ἡ
624 718 687 778 ΕΒ
712 713 852 800 ἐλείφθη
876 700 976 799 μθῖβ,
1006 717 1110 799 δῆλον

94 823 207 889 ὅτιτὸ
236 826 303 886 ΕΛ
318 831 354 904 μθ
377 817 446 885 ἐστὶ
470 821 501 899 ξ·
529 823 705 904 τετμήσθω
728 822 749 906 ἡ
777 826 840 887 ΕΒ
870 824 945 907 δίχα
969 823 1050 887 κατὰ
1072 824 1109 888 τὸ
1138 850 1150 890 5

95 934 141 1013 H,
170 925 227 994 καὶ
250 927 313 992 ἀπὸ
337 927 459 992 τούτου
481 934 520 1010 τῇ
543 930 613 991 ΑΓ
631 928 841 1012 παράλληλος
863 931 957 1014 ἤχθω
980 929 1000 1012 ἡ
1023 932 1063 993 Η
1065 932 1110 993 (θ’

94 1035 151 1102 καὶ
175 1037 279 1119 δῆλον
303 1033 347 1110 ῶς
371 1031 526 1116 ἑκάτερον
548 1044 616 1099 τῶν
640 1038 719 1118 ΕΘ,
744 1039 806 1100 ΘΒ
820 1046 856 1121 μθ
879 1033 947 1102 ἐστὶ
971 1021 1003 1101 I·
1030 1036 1051 1118 ἥ
1075 1058 1123 1119 τεΙ

95 1145 160 1227 γὰρ
184 1145 253 1206 ΗΘ
276 1147 330 1224 ἴση
355 1149 394 1225 τῇ
417 1143 497 1223 ΑΓ,
520 1139 575 1205 καὶ
600 1140 736 1226 ἑκατέρα
758 1153 825 1208 τῶν
848 1147 920 1208 ΕΗ
927 1193 936 1227 ,
954 1145 1022 1206 ΗΒ
1036 1152 1073 1226 μθ
1082 1145 1110 1210 ξ.

6 1273 7 1290 ¹
95 1247 341 1335 προστεθέντος
360 1232 401 1331 δὴ
420 1255 480 1312 τοῦ
500 1252 563 1311 ΑΖ
582 1256 627 1337 τῷ
648 1251 727 1329 ΕΘ,
750 1251 877 1330 γίνεται
895 1249 932 1313 τὸ
948 1253 1015 1314 ΑΘ
1028 1259 1065 1332 μθ
1080 1257 1109 1330 ὃ,

96 1354 151 1422 καὶ
175 1355 303 1421 ἔστιτὸ
326 1349 387 1438 μὲν
406 1356 522 1436 AM,
546 1354 583 1418 τὸ
607 1350 645 1418 δὲ
663 1358 726 1418 ΘΒ
738 1339 775 1438 Β,
797 1352 853 1420 καὶ
875 1353 1028 1439 τέτμηται
1051 1356 1150 1438 ὁριο

6 1501 7 1521 ι
97 1466 145 1540 εἰς
172 1461 339 1548 ἀριθμοὺς
366 1460 443 1541 δύο,
472 1455 521 1524 ὧν
543 1458 561 1524 ὁ
584 1462 705 1543 μείζων
727 1469 787 1527 τοῦ
813 1460 988 1539 ἐλάττονος
1011 1461 1111 1546 ὑιιερ-

6 1581 7 1584 ’
99 1569 165 1654 ἔχει
188 1579 224 1654 μθ
240 1571 281 1654 μ
304 1568 385 1651 ὅπερ
410 1566 477 1632 ἔδει
501 1566 613 1646 δεῖξαι.

414 1815 474 1880 AD
498 1813 737 1882 ΡΒΟΒΙΕΜΑ
762 1816 800 1881 Π.

354 1973 415 2070 Ἐθ.
460 1984 525 2043 sa
686 1970 859 2062 Mmsffl

441 2067 527 2151 ενδ
585 2085 630 2148 ιε.
686 2070 757 2169 μεξ

462 2205 527 2257 βα
587 2191 632 2254 ίθ.
688 2193 770 2273 μθι“ε

355 2293 414 2363 Ἐθ.
442 2298 523 2380 μθῐε
685 2292 750 2362 Μζ.
774 2308 810 2382 μθ
824 2300 871 2384 με

163 2421 220 2490 Ἐν
243 2418 305 2508 μὲν
332 2423 377 2512 τῷ
406 2433 446 2485 αθ
474 2423 582 2506 μόνην
604 2421 773 2506 ὑπεροχὴν
796 2422 898 2505 ἐζήτει
925 2431 986 2488 τοῦ
1008 2427 1112 2508 μείζο-

101 2557 159 2610 νος
177 2532 259 2616 πρὸς
277 2529 336 2593 τὸν
356 2527 523 2612 ἐλάττονα,
542 2526 579 2592 ἐν
596 2523 633 2592 δὲ
651 2534 697 2614 τῶ
716 2531 856 2613 παρόντι
876 2532 977 2613 λόγον
996 2532 1112 2614 μόνον,

101 2640 137 2705 ἐν
160 2636 197 2704 δὲ
220 2645 265 2725 τῷ
290 2647 329 2720 μθ
352 2638 454 2718 λόγον
477 2635 563 2719 ὁμοῦ
585 2631 640 2698 καὶ
670 2634 838 2720 ὑπεροχὴν
862 2638 1006 2720 ζητήσει,
1032 2658 1112 2719 προ-
1128 2663 1153 2702 εο

101 2749 243 2831 βαίνων,
277 2743 321 2820 ὡς
348 2741 579 2826 ἐπηγγείλατο,
612 2740 675 2806 ἀπὸ
703 2752 771 2806 τῶν
798 2740 1032 2826 ἁπλουστέρων
1060 2741 1113 2807 ἐπὶ

101 2855 144 2919 τὰ
167 2851 377 2935 σκολιώτερα.
423 2851 491 2914 ἔστι
521 2843 558 2913 δὲ
585 2850 623 2914 τὸ
647 2852 695 2932 βθθ
717 2858 815 2914 τοῦτο
839 2846 894 2914 καὶ
917 2848 1001 2936 ῥᾷον
1026 2849 1112 2916 οὕτω

102 2959 222 3037 δεῖξαι·
254 2954 324 3022 ἐπεὶ
351 2966 419 3020 τῶν
450 2963 511 3020 τοῦ
544 2942 563 3037 ξ
592 2964 703 3041 μερῶν
734 2957 771 3020 τὸ
803 2950 873 3021 MC.
891 2965 952 3022 τοῦ
967 2953 1028 3021 Ἐθ.
1046 2980 1113 3040 τρι-

100 3068 243 3132 πλάσιον
274 3065 386 3146 ἔσται,
418 3063 517 3139 αὐτὸς
547 3065 611 3148 θρα
639 3063 657 3128 ὁ
686 3046 705 3140 ξ
734 3061 799 3140 ἔξει
829 3062 999 3150 τέταρτον,
1032 3063 1113 3149 ὅπερ

101 3176 192 3239 ἔσται
223 3170 261 3235 τὸ
284 3166 346 3233 'ER
380 3165 493 3255 μέρος·
526 3167 580 3235 καὶ
613 3173 704 3234 ἔστιν
732 3170 750 3236 ὁ
777 3173 823 3237 ῖε·
856 3170 873 3237 ὁ
902 3175 1021 3256 μείζων
1049 3173 1153 3258 ἄρατε

100 3279 304 3366 τριπλασίων
329 3274 376 3341 ὢν
399 3276 536 3359 τούτου,
560 3278 651 3341 ἔσται
674 3277 723 3362 μέ

166 3381 327 3450 Δεικτέον
369 3377 406 3446 δὲ
446 3379 502 3447 καὶ
543 3382 598 3446 διὰ
639 3395 809 3470 γραμμῶν.
869 3385 1029 3451 ἐκκείσθω
1076 3387 1112 3450 τὸ

100 3493 247 3557 ΑΒΓΔ
280 3491 633 3574 παραλληλόγραμμον.
675 3487 730 3554 καὶ
772 3488 841 3556 ἐπεὶ
881 3501 950 3556 τῶν
989 3500 1050 3556 τοῦ
1094 3476 1113 3569 ξ

101 3607 211 3686 μερῶν
247 3597 285 3661 τὸ
321 3598 433 3680 μεῖζον
469 3595 664 3679 τριπλάσιον
701 3599 792 3662 ἔσται
823 3607 883 3663 τοῦ
917 3597 1112 3681 ἐλάσσονος,
