2578 3984
163 178 206 242 66
308 178 357 234 DE
376 176 588 232 DIOPHANTO
608 176 833 232 TESTIMONIA
850 176 1034 232 VETERUM.

584 396 633 476 κβ.
667 393 758 458 ἄλλο.

201 526 240 600 Ὦ
263 535 372 620 μόναι,
397 536 441 612 ὡς
464 537 580 621 πενίης
603 534 776 618 έπελῆσαο,
799 531 852 619 ἥδ’
880 533 1037 600 ἐπίκειται

251 640 324 707 αἰέν
347 642 508 728 ἀναγκαίη
532 641 652 729 κέντρα
676 640 827 726 φέρουσα
850 645 972 707 πόνων.

205 758 293 834 μνᾶν
317 748 414 833 ἐρίων
436 751 598 834 νῆᾶεσκες
621 749 658 816 ἐν
680 750 790 833 ῆματι,
814 745 1021 834 πρεσβυτέρη
1045 744 1082 813 &z

133 876 146 916 5
249 854 448 942 θυγατέρων
470 852 525 920 καὶ
548 865 637 940 μνᾶν
659 852 715 920 καὶ
737 857 850 939 τρίτον
873 847 961 920 εἷλκε
983 858 1117 942 κρόκης

204 961 366 1050 ὁπλοτέρη
391 959 428 1028 δὲ
451 971 528 1047 μιῆς
551 961 653 1048 φέρεν
676 963 788 1046 ἥμισυ.
825 969 890 1027 νῦν
915 958 945 1026 δ’
968 962 1035 1046 ἅμα
1058 961 1179 1039 πόσαις

249 1071 377 1156 δόρπον
401 1067 585 1152 ἐφοπλίζεις
607 1076 695 1152 μνᾶν
720 1067 865 1153 έρόσασα
888 1069 1003 1150 μόνον.

226 1214 409 1296 Σχόλιαν.
450 1211 545 1275 Κατὰ
566 1211 624 1286 τᾶς
647 1208 759 1285 θέσεις
783 1206 852 1274 ἐπεὶ
875 1207 937 1291 ῆ“
915 1234 936 1272 α
955 1207 1052 1274 μαλ’
1030 1234 1087 1293 αχ
1092 1205 1179 1276 ’καὶ

160 1315 190 1394 L'
214 1321 316 1403 λόχον
340 1320 474 1403 ἔχουσιν
496 1316 536 1381 ὃν
561 1319 588 1384 5
607 1325 636 1399 ῆ.
656 1340 687 1399 χ,
711 1315 851 1446 ὁμοῦί
814 1340 835 1398 χ
850 1339 941 1381 νεται
960 1315 978 1381 ὁ
998 1321 1038 1395 ιζ
1059 1326 1176 1382 τοσαῦ-

119 1447 145 1486 10
159 1448 218 1490 ταν
242 1426 279 1489 αἱ
299 1436 387 1512 τρεῖς
410 1423 608 1508 εἰργάζοντο.
647 1425 679 1486 εἰ
701 1416 763 1487 οὖν
782 1423 818 1488 έν
836 1421 996 1488 ὑποθέσει
1016 1420 1177 1507 διέλωμεν

157 1533 194 1597 τὸ
214 1535 429 1676 νυχθήμερον
452 1531 499 1607 εἰς
527 1536 597 1595 σπθ
624 1532 739 1614 μόρια,
773 1528 924 1612 ἐπιβαλεᾶ
951 1531 1109 1612 δηλονότι
1135 1532 1175 1614 τῆ

157 1698 216 1778 μιᾶ
235 1698 302 1777 μνᾶ
321 1694 364 1774 ρβ
383 1693 481 1775 μόρια
499 1699 557 1774 τῆς
575 1687 706 1773 ἡμέρας
744 1691 775 1754 εἰ
793 1683 855 1753 οὖν
873 1689 1002 1753 τούτων
1022 1690 1174 1774 λάβωμεν

156 1799 194 1862 τὸ
219 1800 285 1880 ιζο,
308 1799 435 1879 γίνεται
453 1798 488 1864 5
512 1797 552 1860 τα
572 1796 654 1861 αὐτᾶ
673 1796 768 1872 εἰς
738 1818 797 1860 τον
816 1795 850 1874 ἐξ
868 1795 970 1880 ἀρχῆς
987 1806 1055 1861 τῶν
1073 1807 1175 1881 τριῶν

157 1904 248 1990 ὅρων
271 1904 539 1969 πολλαπλασια
519 1920 545 1971 ς
565 1916 595 1985 ῆ.
615 1927 695 1984 m
674 1905 801 1984 γίνεται
820 1905 929 2048 λςσ.
866 1923 938 2048 nm.
954 1906 1000 1988 ι’ῆ,
1020 1903 1105 1988 ὁμοῦ
1125 1906 1173 1989 ρβ.

117 2085 142 2125 15
157 2069 326 2149 εἴργασται
349 2057 412 2129 οὖν
435 2063 471 2128 έν
494 2065 605 2151 χρόνω
627 2071 687 2146 τῆς
708 2060 832 2148 ἡμέρας
856 2062 954 2150 ρβ,’
937 2087 957 2146 η
983 2061 1044 2147 μὲν
1068 2067 1174 2149 μῆτηρ

1135 2171 1165 2228 ᾶέ

156 2230 197 2292 λς
220 2232 318 2309 μνᾶς,
341 2223 361 2307 ῆ
386 2221 423 2288 δέ
446 2227 566 2308 μείζων
589 2223 743 2309 θνχατηρ
766 2247 822 2307 μη,
848 2221 867 2306 ἡ
892 2219 928 2287 δὲ
952 2223 1103 2289 ἐλάσσων
1127 2249 1172 2308 ιη,

155 2329 210 2396 καὶ
233 2334 416 2417 προβαίνει.

617 2472 710 2558 (nr)

200 2617 281 2682 Οἵόε
303 2618 494 2702 λοετροχόοι
516 2624 603 2700 τρεῖς
626 2612 765 2698 ἕσταμεν
788 2611 905 2678 ἐνθάδ’
922 2613 1066 2697 Ἔρωτες

115 2743 141 2783 εο
199 2726 378 2808 καλλιρόαν
401 2723 585 2807 πέμποντες
608 2718 657 2786 ἐπ’
687 2721 836 2805 εὐρίποια
861 2723 988 2806 λοετρά.

199 2829 364 2914 δεξιτερὸς
386 2827 448 2913 μὲν
471 2831 574 2912 έχωχε
597 2828 856 2910 ταννπτερόχων
879 2827 942 2893 ἀπὸ
966 2840 1098 2915 ταρσῶν

197 2937 321 3020 ῆματος
345 2935 455 3020 ἑκταίη
479 2938 578 3022 μαίρη
603 2938 654 2999 ένι
677 2935 775 3000 τόνόε
798 2933 961 3018 κορέσσω·

197 3044 291 3120 λαιὸς
314 3039 343 3107 δ’
372 3037 414 3107 αὖ
437 3042 635 3125 πισύρεσσιν
659 3036 714 3106 ἀπ’
741 3040 954 3126 ἀμφιφορῆας
978 3041 1015 3108 έν
1037 3043 1150 3126 ὥραις,

199 3148 234 3214 ἐκ
258 3145 293 3213 δ’
321 3147 339 3213 ό
363 3145 462 3232 μέσος
484 3148 594 3227 τόξαια
617 3144 689 3213 κατ’
716 3149 840 3233 ῆματας
867 3149 948 3215 αὐτὸ
976 3150 1013 3214 τὸ
1037 3147 1174 3234 μέσσον.

111 3277 140 3317 ιε
199 3256 322 3342 φράζεο
346 3252 377 3320 δ’
405 3256 449 3333 ὡς
472 3255 566 3341 όλίχη
590 3280 648 3321 κεν
671 3254 906 3341 ένιπλῆσαιμεν
930 3255 967 3321 ἐν
991 3257 1060 3342 ὥρη

198 3361 233 3428 έκ
251 3363 424 3446 πτερύγων
448 3362 546 3440 τόξου
569 3359 682 3428 τεκαὶ
706 3362 920 3448 ἀμφιφορῆας
944 3361 1057 3441 λέντες.

226 3563 239 3609 1
261 3555 311 3625 Ep.
326 3556 399 3626 XIV,
415 3559 474 3610 134.
529 3560 546 3609 3
565 3556 707 3628 ἀναγκαίη
727 3556 770 3613 ed.
826 3561 859 3610 18
878 3555 928 3627 Ep.
944 3555 1016 3625 XIV,
1032 3560 1091 3610 135.
