2570 3988
48 139 52 147 ¹
167 175 284 230 xxxiv
534 177 812 229 raounoonnrr.

168 338 320 422 Epistola
339 339 379 402 ed
398 335 581 402 Lectorem:
600 337 756 416 ,ioannes
775 343 884 404 temen
900 339 1185 426 Regiomontanus

168 444 323 509 tredecim
343 444 446 510 libros
466 465 500 508 se
517 443 638 508 alicubi
651 445 771 509 vidisse
791 449 955 511 asseverat
975 451 1008 512 et
1025 447 1183 514 Illustris·

168 553 269 616 simus
296 549 477 616 Cardinalis
505 549 679 615 Perronius
709 602 716 615 .
741 603 747 616 .
773 601 780 617 .
808 552 889 616 mihi
917 575 1012 637 saepe
1040 558 1185 620 testatus

169 662 226 741 est,
251 679 285 722 se
308 656 451 722 codicem
475 659 733 741 manuscriptum
756 658 922 743 habuisse,
948 661 1003 743 qui
1026 660 1183 726 tredecim

167 764 349 849 Diophanti
373 764 476 829 libros
499 765 644 849 integros
668 765 858 848 contineret,
882 789 976 850 quem
1003 789 1076 832 curn
1101 764 1180 831 Gui-

167 871 276 936 lielmo
297 869 468 935 Gosselino
488 870 613 936 concivi
632 893 701 954 suo,
723 873 779 955 qui
798 873 832 935 in
851 871 1076 957 Diophantum
1093 895 1182 938 eom-

167 979 327 1042 menterie
355 976 587 1060 meditabatur,
617 978 861 1061 perhumaniter
888 1001 978 1043 more
1006 1001 1065 1045 suo
1094 980 1184 1044 exhi-

167 1085 304 1162 buisset,
331 1083 428 1166 paulo
456 1086 534 1167 post
562 1084 691 1167 accidit,
720 1088 757 1148 ut
781 1083 970 1150 Gosseliuus
996 1090 1089 1169 peste
1113 1107 1182 1151 cor·

167 1195 279 1276 reptus
302 1190 460 1274 interiret,
484 1193 516 1253 et
533 1187 716 1274 Diophanti
740 1191 839 1255 codex
862 1192 973 1256 eodem
996 1192 1066 1257 fsto
1085 1192 1183 1256 nobis

116 1377 118 1386 x
168 1295 371 1382 eriperetur.“
402 1295 463 1361 Sed
483 1317 564 1380 quae
584 1295 623 1360 de
642 1296 903 1381 Regiomontano
922 1297 968 1362 ibi
989 1298 1183 1381 dictasunt,

81 1475 84 1481 ,
168 1405 300 1471 omnino
323 1403 408 1467 falsa
432 1424 501 1466 esse
519 1402 614 1468 facile
636 1402 922 1489 demonstratur¹);
945 1425 1005 1468 nee
1024 1404 1180 1468 maiorem

165 1513 262 1577 fidem
287 1515 452 1574 merentur
479 1508 626 1573 Perronii
649 1509 701 1573 vel
731 1507 897 1593 Synclitiei
924 1511 1113 1574 testimonia
1140 1511 1182 1574 de

166 1619 295 1702 integro
314 1617 366 1681 vel
385 1615 565 1700 copiosiore
585 1612 802 1701 (Planudeo?)
823 1615 944 1699 codice3
965 1617 1063 1681 nimis
1083 1638 1181 1700 saepe

165 1724 247 1788 talia
279 1723 389 1787 fucum
422 1723 582 1806 fecerunt3
621 1723 655 1785 at
687 1743 787 1786 vanos
822 1744 967 1787 rumores
1000 1723 1182 1807 explosisse

73 1855 76 1862 ⁴
166 1834 219 1896 sat
242 1831 312 1895 erit.

642 2004 698 2069 VI.

306 2189 308 2192 .
373 2133 427 2204 De
455 2132 685 2224 compendiis
712 2131 967 2225 Diophauteis.

229 2306 397 2400 Hactenus
431 2307 470 2370 de
502 2304 718 2389 Diophauteis
748 2307 927 2372 codicibus:
961 2312 1109 2392 superest
1140 2312 1179 2372 ut

163 2415 309 2500 apertius
339 2435 437 2497 quam
464 2412 498 2476 in
527 2413 636 2497 priore
659 2413 823 2478 volumine
848 2414 885 2477 de
910 2415 1017 2479 dubiis
1044 2414 1178 2498 quibus·

164 2522 238 2586 dam
263 2519 506 2605 quaestionibus
527 2518 654 2582 adrem
674 2519 819 2585 criticam
843 2521 1080 2603 pertinentibus
1105 2542 1175 2584 sen·
1282 2579 1283 2594 ,

164 2628 302 2693 tentiam
326 2647 431 2690 meam
455 2625 615 2690 declarem
639 2629 735 2710 atque
760 2627 925 2710 explicem.

229 2738 258 2799 1.
296 2732 335 2797 In
367 2732 477 2816 primis
506 2731 545 2796 de
572 2733 835 2815 compendiorum
863 2733 1084 2798 technicorum
1114 2756 1174 2797 usu
1281 2777 1282 2790 i

162 2839 243 2904 mihi
277 2839 439 2924 agendum
473 2841 537 2922 est3
570 2860 651 2916 num
684 2840 719 2902 in
751 2839 929 2924 archetypo
959 2837 1007 2926 (a)
1041 2861 1175 2904 casuum

161 2951 258 3012 notae
277 2945 405 3010 additae
423 2944 554 3029 fuerint,
576 2967 653 3009 num
677 2946 813 3028 pluralis
833 2968 985 3011 numerus
1010 2946 1175 3029 duplicato

161 3051 350 3135 compendio
375 3047 424 3137 (in
446 3072 524 3116 voce
548 3048 706 3137 ἀριθμός)
730 3052 931 3136 significatus
954 3052 1066 3135 fuerit,
1093 3074 1172 3136 quas
1280 3067 1281 3072 ’

163 3157 325 3224 scribendi
348 3157 491 3222 rationes
510 3163 622 3222 contra
642 3158 787 3222 codicum
808 3158 1036 3223 auctoritatem
1058 3158 1176 3222 immu·
1280 3227 1281 3234 χ

160 3270 229 3330 tare
254 3286 351 3328 ausus
374 3286 455 3347 sum,
478 3264 649 3348 praecipue
673 3263 922 3347 disquirendum.

232 3458 259 3526 1)
272 3455 345 3509 Vide
359 3455 397 3511 M.
407 3454 524 3510 Cantor:
546 3455 729 3524 Vorlesmrpea
746 3457 812 3510 dber
827 3455 983 3511 Gescticttc
999 3458 1046 3512 der
1062 3458 1173 3512 Mathe-

158 3547 253 3615 matik,
272 3545 306 3614 Π,
324 3561 390 3613 pag.
406 3549 466 3598 241.
