2578 3984
355 174 606 230 PACHYMERAE
625 175 883 231 PARAPHRASIS.
1083 175 1125 240 99

107 335 164 402 καὶ
188 345 309 403 τοῦτον
331 336 473 423 τάξομεν
497 337 624 403 ἐλάσσω
648 337 704 403 καὶ
727 340 786 404 τὸν
813 340 932 405 λοιπὸν
960 340 1041 404 άνευ
1069 348 1127 422 τῆς

107 447 257 524 λείψεως,
283 445 428 522 δράσων
446 446 465 511 6
484 431 524 526 ἷξ,
548 448 656 529 μείζω,
675 443 785 510 καὶτὸ
805 448 980 530 πρόβλημα
999 446 1125 511 λύεται·

107 550 125 615 6
154 551 218 636 γὰρ
244 536 280 630 ιζ
302 561 364 617 τοῦ
391 555 409 615 ῐ
437 555 582 630 λείπεται
609 559 636 635 γΙ
660 553 781 636 μονάσι
812 561 873 618 τοῦ
907 547 993 617 εἶναι
1024 556 1125 617 τοῦῐ

107 658 289 735 διπλάσιος.
327 659 359 724 εί
381 656 417 724 δὲ
441 660 459 724 6
483 660 582 736 αὐτὸς
608 657 752 744 άριθμὸς
774 645 812 738 u}
835 660 870 724 ἐν
894 662 1000 739 λείψει
1023 645 1045 724 δ
1068 683 1125 744 μο-

106 767 239 848 νάδων,
283 767 458 851 διαιρεῖται
494 765 515 850 6
553 767 657 851 μονάς
697 765 752 830 καὶ
788 767 825 830 τὸ
863 766 943 832 αὐτὸ
984 769 1124 849 γίνεται·
1152 789 1165 829 ε

104 869 344 955 προστιθέσθω
368 872 431 959 γάρ
455 872 474 955 6
500 878 615 954 λείψις,
639 877 790 955 γίνονται
810 859 868 937 λα·
898 874 1020 939 τούτου
1043 873 1125 938 ὑπο-

104 978 298 1062 τριπλάσιος
326 979 343 1043 6
371 981 391 1043 ῖ
417 977 472 1044 καὶ
504 991 565 1062 7⁰⁷²·
601 988 721 1045 τοῦτον
753 980 912 1064 τάττομεν
943 981 1124 1064 ὑπόλογον,

104 1082 159 1148 καὶ
184 1085 244 1149 τὸν
267 1090 386 1149 λοιπον
411 1086 486 1169 διχα
505 1109 562 1170 της
581 1091 730 1169 λειψεως,
753 1089 790 1154 ῖξ
812 1086 867 1152 καὶ
884 1073 990 1171 ύγγα,
1015 1089 1123 1171 μείζω,

102 1189 160 1255 καὶ
179 1195 306 1273 γίνεται
325 1193 362 1256 τὸ
381 1194 569 1278 πρόβλημα·
594 1191 689 1277 δγδιρ
707 1193 745 1260 ss
762 1192 817 1258 καὶ
831 1179 922 1277 ψγγα
941 1197 1086 1258 λείπεται
1104 1179 1125 1257 δ

103 1299 248 1382 μονάσιν
271 1300 318 1376 είς
340 1299 377 1364 τὸ
402 1293 488 1364 εἶναι
512 1299 685 1376 διπλάσιος
707 1309 768 1365 τοῦ
791 1301 879 1383 ῖγθυ.
1139 1323 1164 1361 10

172 1407 217 1470 Εἰ
247 1402 284 1469 δὲ
316 1407 458 1491 διαιρεῖν
490 1407 537 1483 είς
568 1406 765 1487 τριπλάσιον
798 1406 1037 1490 ἐπιταττόμεθα
1069 1404 1126 1471 καὶ

103 1516 215 1588 λείψις
237 1515 366 1577 τίθεται
390 1511 407 1578 6
433 1497 454 1576 δ
477 1510 569 1596 φίρε,
593 1514 675 1578 ἔστω
698 1512 716 1578 6
736 1511 878 1598 άρνθμὸς
902 1513 920 1579 6
944 1516 998 1598 κἠ·
1021 1531 1124 1598 προσ-

101 1616 255 1683 τιθέσθω
285 1618 305 1701 6
335 1622 442 1696 λείψις
471 1616 489 1683 6
517 1603 616 1682 δκαὶ
639 1627 700 1683 τοῦ
723 1617 905 1704 γινομένου
935 1623 1123 1704 ζητήσωμεν

101 1726 162 1791 τὸν
178 1725 484 1809 ὑποτετραπλάσιον
497 1723 553 1790 καὶ
567 1728 658 1791 ἔστιν
672 1725 735 1808 δη·
751 1729 873 1793 τούτου
883 1726 931 1792 δα
946 1731 1090 1792 λείπεται
1102 1713 1123 1791 δ

102 1833 226 1917 μονάσι
250 1840 311 1897 τοῦ
334 1826 420 1897 εἶναι
443 1832 644 1916 τριπλάσιος.
1136 1857 1161 1898 15

171 1941 216 2004 Εί
238 1935 275 2004 δὲ
304 1940 447 2025 διαιρεῖν
474 1941 522 2016 είς
549 1939 790 2023 τετραπλάσιον
818 1937 1057 2023 ἐπιταττόμεθα
1085 1939 1122 2007 ἐν

101 2049 210 2124 λείψει
234 2045 393 2130 μονάδων
415 2048 541 2128 τόσων,
570 2046 631 2110 τὸν
654 2045 734 2129 μετά
757 2054 814 2129 τῆς
841 2049 1037 2131 προσθήκης
1064 2057 1122 2132 τής

101 2157 242 2230 λείψεως
265 2151 577 2218 ύποπενταπλάσιον
596 2154 773 2236 ληψόμεθα
796 2150 852 2218 καὶ
870 2154 1022 2238 θήσομεν
1041 2154 1120 2220 ὑπό-

101 2265 205 2343 λογον
229 2256 284 2324 καὶ
307 2260 344 2323 τὸ
368 2261 542 2344 πρόβλημα
564 2259 686 2324 λύεται.
723 2251 797 2325 οἷον
816 2262 898 2324 ἔστω
918 2260 1062 2345 ἀριθμὸς
1081 2260 1121 2326 δν

102 2369 247 2450 διαιρεῖν
280 2365 519 2450 ἐπιταττόμεθα
551 2367 632 2449 μετά
663 2367 803 2444 λείψεως
836 2366 992 2450 μονάδων
1022 2351 1043 2431 δ
1075 2370 1121 2444 είς
1136 2391 1162 2429 ιο

99 2477 204 2556 λόγον
227 2473 467 2556 τετραπλάσιον
491 2471 509 2537 6
532 2476 590 2557 μέ·
618 2475 725 2561 τούτῳ
749 2475 810 2557 τήν
833 2478 944 2550 λείψιν
971 2477 1121 2558 προσθή-

100 2598 205 2665 σομεν
222 2577 277 2644 καὶ
295 2588 356 2645 τοῦ
369 2578 550 2664 γινομένου
568 2581 590 2645 ν
608 2582 668 2645 τὸν
687 2580 999 2645 ύποπενταπλάσιον
1018 2580 1121 2664 εύρω-
1206 2595 1208 2600 ·

99 2710 163 2772 μεν
185 2683 241 2751 καὶ
264 2689 355 2751 ἔστιν
378 2686 396 2752 6
419 2689 451 2749 ῐ·
474 2693 595 2751 τοῦτον
616 2689 768 2771 θήσομεν
790 2686 960 2768 ὑπόλογον
983 2683 1039 2750 καὶ
1061 2688 1120 2751 τὸν

98 2795 220 2859 λοιπὸν
243 2794 303 2858 τὸν
326 2778 367 2862 λξ
389 2795 568 2877 πρόλογον,
591 2791 646 2858 καὶ
661 2782 852 2876 ’λυθήσεται
874 2793 911 2857 τὸ
931 2794 1120 2876 πρόβλημα·

100 2903 247 2966 λείπεται
270 2901 334 2986 γάρ
358 2900 376 2966 6
396 2886 441 2969 ῖς
462 2900 583 2985 μονάσι
607 2885 629 2965 δ
652 2901 699 2977 εἰς
721 2902 758 2965 τὸ
778 2894 864 2965 εἶναι
883 2899 1119 2986 τετραπλάσιος
1134 2920 1159 2960 ιι

98 3016 160 3074 τοῦ
184 3011 215 3070 ῖ·
239 3005 294 3072 καὶ
318 3005 372 3072 άεὶ
394 3007 509 3089 οὕτως,
533 3005 595 3083 ἕως
618 3001 659 3071 οὗ
684 3006 807 3090 βούλει.

166 3118 211 3193 λζ.
256 3116 301 3178 El
332 3108 370 3177 δὲ
402 3111 655 3195 ἐπιταττοίμεθα
689 3114 830 3194 διαιρεῖν
863 3111 900 3178 ἐν
933 3114 1038 3191 λείψει
1071 3113 1118 3189 είς

99 3224 203 3305 λόγον
236 3219 410 3305 ἐπιμόριον
439 3217 494 3284 καὶ
526 3229 659 3304 πρῶτον
692 3221 751 3284 τὸν
783 3218 954 3319 ἡμιόλιον,
987 3221 1070 3284 ἔστω
1098 3217 1117 3283 6

99 3329 244 3414 άριθμὸς
272 3326 349 3410 6OE
381 3324 435 3390 παλ
462 3327 494 3410 6
512 3331 620 3404 λεῑψις
649 3325 807 3409 μονάδων
835 3330 868 3409 β·
900 3327 1118 3409 προστίθεται
1160 3399 1162 3403 ¹

98 3445 144 3523 τῷ
172 3437 208 3514 W
235 3433 256 3517 6
285 3437 391 3512 λεῑψις
417 3431 473 3498 καὶ
502 3441 563 3498 τοῦ
593 3429 774 3516 γινομένου
801 3434 820 3495 {c
848 3432 907 3496 τὸν
934 3431 1158 3495 ὑποδιπλα-εο

100 3545 305 3625 σιεψήμισυν
326 3541 506 3625 ζητήσομεν
528 3539 584 3604 καὶ
604 3543 694 3604 ἔστιν
713 3538 731 3603 6
750 3547 795 3631 ιη’,
809 3535 1118 3634 τοῦτονύηόλογον

750 3645 759 3691 ε
787 3629 990 3723 ειέξαωςί
