2570 3988
469 925 837 1000 PROLEGOMENA.

640 1189 665 1254 Ι.

215 1314 302 1380 Viris
326 1316 566 1382 mathematicis
589 1315 706 1399 quibus
726 1314 932 1400 Diophantea
955 1314 1158 1398 problemata

149 1422 348 1507 artificiaque
385 1423 569 1487 etiamnunc
605 1421 692 1486 haud
727 1421 922 1505 negligenda
955 1420 1158 1504 videbuntur,

147 1528 287 1614 primum
319 1529 416 1594 huius
449 1528 600 1594 editionis
632 1529 785 1592 volumen
817 1528 992 1611 destinavi3
1029 1528 1062 1592 in
1095 1527 1158 1592 hoc

149 1637 250 1701 altero
274 1637 358 1701 nihil
377 1636 443 1701 tale
463 1635 637 1716 invenient,
660 1634 743 1698 nihil
763 1635 895 1718 inquam
915 1633 1043 1718 (ultimo
1064 1655 1157 1718 quac-

148 1744 288 1807 sticnum
313 1746 446 1828 excepto
471 1745 654 1826 conspectu,
676 1763 729 1825 pp.
749 1742 812 1806 287
834 1738 916 1828 sqq.)
935 1741 1020 1825 quod
1040 1740 1157 1805 studiis

147 1853 293 1933 ipsorum
324 1849 480 1914 inservire
512 1852 619 1933 queat.
668 1847 779 1912 Variis
812 1869 829 1911 e
862 1848 954 1912 silvis
986 1847 1049 1912 huc
1081 1869 1157 1913 eon-

148 1960 276 2042 gestam
308 1957 479 2021 materiam
511 1956 701 2039 plerumque
731 1954 886 2020 ineditam
916 1953 1093 2040 philologis
1124 1958 1157 2018 et

146 2063 338 2146 praesertim
365 2062 571 2147 paucioribus
599 2062 639 2126 iis
668 2061 794 2143 dedico,
825 2061 880 2146 qui
908 2060 1156 2125 mathematicae

146 2169 301 2235 historiae
337 2191 423 2234 nova
460 2169 653 2235 documenta
689 2189 807 2253 graeca
844 2168 982 2232 scrutari
1017 2168 1157 2251 cupient.

146 2275 222 2342 Non
255 2280 325 2341 erat
352 2277 452 2362 igitur
479 2276 616 2340 latinam
644 2297 700 2340 cur
727 2275 1043 2358 interpretationem,
1075 2275 1158 2340 sicut

145 2383 180 2446 in
207 2384 314 2467 priore
340 2383 518 2467 volumine,
545 2381 661 2447 vellem
689 2381 838 2466 condere3
868 2382 923 2446 sed
947 2403 984 2446 eo
1007 2381 1156 2466 longiora

146 2489 283 2555 forsitan
306 2512 390 2556 nunc
414 2490 496 2555 mihi
519 2488 696 2572 praefanda
720 2493 804 2553 sunt.

212 2595 355 2661 Primum
403 2597 441 2661 de
487 2595 630 2662 collectis
664 2595 940 2679 pseudcpc'pruphc‘s
981 2596 1155 2677 separatim

147 2700 259 2765 dicam.
782 2700 784 2706 '

215 2807 241 2870 l.
274 2805 504 2892 Fragmentum
536 2809 567 2893 Ι,
603 2809 637 2872 in
667 2807 820 2891 'catalogo
852 2805 994 2872 Parisini
1027 2809 1155 2893 supple-

146 2913 250 2977 menti
277 2915 385 2996 graeci
412 2913 602 2997 indicatum,
630 2914 729 2980 codex
757 2914 887 2979 exhibet
910 2911 940 2979 S.
965 2915 1039 2998 387,
1070 2915 1155 2980 cirea

146 3040 267 3084 annum
290 3018 375 3085 1303
399 3022 537 3104 scriptus
562 3026 594 3086 ct
616 3043 680 3104 quo
704 3021 942 3086 illustrissimus
961 3020 1154 3086 Hultschius

145 3148 222 3190 usus
247 3131 297 3191 est
320 3123 394 3213 (sub
418 3131 497 3191 nota
520 3125 560 3212 Ο)
585 3129 617 3192 in
641 3127 772 3191 edendis
790 3127 927 3194 Hercula
944 3130 1156 3194 Alexandrini

25 3267 30 3275 ·
141 3234 391 3316 peometriccrcan
427 3238 457 3299 ct
490 3235 779 3300 stereometrioorum
816 3236 963 3318 reliquiis.
1021 3233 1154 3299 Praece-

144 3339 252 3404 dentia
279 3340 357 3404 folia
385 3341 501 3423 implet
530 3341 718 3424 opusculum
747 3340 951 3426 inscriptum:
974 3338 1074 3426 Ἀρχὴ
1097 3347 1155 3423 τῆς

143 3447 286 3530 μεγάλης
316 3445 372 3512 καὶ
400 3443 542 3531 Ἰνδικῆς
574 3451 782 3534 depromptus
815 3445 911 3535 (sic),
948 3470 1032 3512 anno
1068 3445 1153 3511 1252

144 3555 345 3619 elaboratum
371 3559 402 3621 et
424 3559 501 3640 post
519 3556 687 3621 dimidium
705 3555 771 3620 iere
791 3556 954 3620 saeculum
974 3577 993 3618 a
1012 3554 1153 3617 Maximo

956 3659 993 3710 a*
