2568 3980
165 200 229 265 136
434 200 588 258 SOHOLIA
606 200 646 255 IN
664 199 919 254 DIOPHANTUM.

225 361 363 450 Ὁμοίως
387 361 424 430 δὲ
446 361 502 430 καὶ
525 363 584 429 ἐὰν
605 366 643 429 τὸ
668 359 729 448 μὲν
752 365 829 426 ΛΗ
848 361 1055 446 ἀριθμοστὸν
1086 360 1183 449 μένγ,

163 471 236 553 ἤτοι
258 480 308 553 γοο
330 472 487 557 μονάδος,
511 471 548 535 τὸ
572 467 609 535 δὲ
633 474 703 534 ΑΕ
726 469 938 552 θυνομοστὸυ
960 468 1184 554 ὑποθώμεθα,

162 575 333 643 τουτέστιν
355 585 409 643 θοο
431 575 530 663 μέρος
552 586 610 662 τῆς
632 579 699 642 AB
706 624 715 659 ,
738 577 776 640 τὸ
801 574 868 649 ΑΞ
888 577 1053 658 πυβοστὸν
1078 578 1180 660 ἔσται,

160 681 332 751 τουτέστιν
359 689 422 764 κζοο
454 684 553 770 μέρος
584 694 645 750 τοῦ
674 685 811 748 ΑΒΓΔ
842 681 924 747 ὅλου
956 683 1182 765 τετραγώνου·

134 788 217 855 ταοὶ
241 789 300 855 ἐὰν
323 788 478 877 ἑκάτερον
500 803 568 856 τῶν
592 793 667 856 ΑΗ
685 787 741 854 καὶ
764 793 834 853 AE
860 789 1073 871 δυναμοστὸν
1099 790 1183 854 ὑπο-

161 896 315 980 θώμεθα,
337 896 487 963 τουτέστι
510 899 548 963 τὸ
567 895 628 983 μὲν
647 900 724 961 ΑΗ
737 902 791 961 θοο
809 904 867 979 τῆς
884 897 959 978 ΛΓ,
983 892 1094 960 καὶτὸ
1113 901 1184 961 ΑΕ

162 1002 284 1087 ὁμοίως
307 1009 360 1068 θοο
382 1013 440 1088 τῆς
463 1008 541 1087 ΑΒ,
563 1005 601 1069 τὸ
621 1003 689 1079 ΑΞ
711 1001 1054 1087 δυναμοθυναμοστὸν
1079 1004 1182 1081 ἔσται,

160 1108 332 1175 τουτέστιν
355 1121 427 1176 παον
450 1110 550 1196 μέρος
572 1120 649 1196 μιᾶς
672 1109 836 1196 μονάδος,
860 1110 933 1192 ἤτοι
955 1117 1015 1174 τοῦ
1039 1110 1181 1174 ΑΒΓΔ

161 1219 386 1302 τετραγώνου·
409 1215 464 1282 καὶ
487 1216 540 1283 ἐπὶ
564 1228 632 1282 τῶν
654 1223 782 1282 λοιπῶν
806 1216 937 1301 ὁμοίως.

120 1349 147 1387 το
228 1325 300 1409 Χρὴ
325 1321 362 1389 δὲ
384 1325 444 1389 τὸν
467 1325 596 1390 τούτων
619 1324 938 1407 πολλαπλασιασμὸν
959 1323 1003 1407 μὴ
1023 1323 1068 1399 ὡς
1086 1324 1182 1406 έτυχε

160 1442 286 1514 ποιεῖν,
317 1429 466 1497 τουτέστι
495 1433 533 1496 τὸ
564 1433 666 1516 τυχὸν
696 1430 903 1516 ἄριθμοστὸυ
932 1428 985 1495 ἐπὶ
1011 1430 1049 1494 τὸ
1077 1431 1180 1514 τυχὸν

161 1537 368 1622 ἀριθμοστὸν
400 1549 524 1620 ποιεῖν,
561 1539 617 1603 ἵνα
650 1536 786 1622 γένηται
824 1539 1051 1622 ὃυναμοστόν,
1089 1537 1109 1621 ἢ
1141 1537 1179 1600 τὸ

161 1642 368 1728 ἀριθμοστὸυ
405 1643 460 1710 ἐπὶ
494 1646 533 1710 τὸ
570 1645 671 1729 τυχὸν
709 1646 920 1729 δυναμοστὸν
957 1643 1012 1708 ἵνα
1044 1641 1180 1726 γένηται

160 1753 340 1833 κυβοστόυ·
364 1749 434 1817 ἀλλ’
463 1752 508 1828 ὡς
530 1750 567 1817 έν
585 1762 655 1829 τοῖς
673 1750 831 1836 ἀριθμοῖς
854 1748 908 1816 καὶ
927 1761 999 1827 ταῖς
1017 1750 1180 1834 θυνολμεσι

121 1879 147 1920 15
160 1854 216 1921 καὶ
242 1868 313 1934 τοῖς
340 1859 453 1936 ἄλλοις
482 1864 624 1946 εἴρηται,
659 1859 693 1924 τὸ
722 1857 930 1944 ἀριθμοστὸν
958 1855 1010 1923 ἐπὶ
1037 1858 1076 1922 τὸ
1105 1863 1180 1922 ἴσον

161 1963 250 2051 αὐτῷ
274 1964 382 2047 ἤγουν
405 1960 458 2050 ἐφ’
486 1964 583 2031 ἑαυτὸ
607 1967 670 2050 χρὴ
689 1976 808 2047 ποιεῖν,
831 1963 982 2030 τουτέστι
1000 1965 1037 2030 τὸ
1057 1975 1105 2048 γοο
1127 1962 1178 2030 ἐπὶ

161 2069 197 2134 τὸ
221 2079 270 2152 γοο
293 2069 348 2134 ἵνα
370 2068 507 2154 γένηται
529 2077 593 2154 θοο,
618 2068 673 2136 καὶ
696 2072 733 2136 τὸ
753 2070 960 2155 ἀριθμοστὸν
984 2069 1037 2136 ἐπὶ
1060 2073 1098 2137 τὸ
1123 2064 1175 2136 ἀπ’

161 2175 265 2241 αὐτοῦ
290 2177 501 2263 δυναμοστὸν
528 2190 655 2262 ποιεῖν,
684 2176 834 2243 τουτέστι
857 2179 893 2242 τὸ
918 2188 965 2261 γοο
989 2175 1042 2243 ἐπὶ
1064 2180 1103 2244 τὸ
1127 2185 1180 2243 θοο

161 2283 217 2348 ἵνα
240 2282 375 2368 γένηται
397 2288 474 2364 κζοο·
497 2283 552 2350 καὶ
576 2282 629 2351 ἐπὶ
652 2295 720 2350 τῶν
743 2286 853 2350 ἄλλων
878 2285 1007 2369 ὁμοίως.

119 2559 146 2598 εο
414 2533 471 2599 AD
496 2533 820 2600 DEFINITIONEM
843 2534 933 2600 VIII.

228 2670 466 2762 [Ἀρνθμοστὸν
490 2673 528 2740 δὲ
551 2673 604 2741 ἐπὶ
628 2675 785 2761 ἀριθμόν,
810 2674 866 2741 καὶ
889 2677 1103 2761 δυναμοστὸν
1126 2676 1177 2743 ἐπὶ

162 2783 320 2867 δύναμιν,
350 2780 406 2847 καὶ
429 2783 469 2847 τὰ
492 2784 592 2847 λοιπὰ
615 2783 737 2848 ταύτόν
762 2783 830 2847 ἐστι
858 2783 917 2869 τῷ·
945 2791 1008 2860 πᾶς
1035 2783 1179 2869 ἀριθμὸς

162 2887 213 2954 ἐπὶ
252 2893 290 2956 τὸ
333 2889 513 2974 ὁμώνυμον
554 2889 659 2954 αὐτοῦ
696 2892 816 2974 μόριον
852 2890 1179 2968 πολλαπλασιασθεὶς

161 2996 290 3080 μονάδα
313 2997 424 3078 ποιεῖ]

121 3129 147 3168 25
227 3105 286 3166 IE.
306 3095 569 3187 Ἀριθμοστὸυ
584 3101 646 3169 ἐπὶ
662 3103 852 3188 δύναμιν,
868 3105 1042 3188 ἀριθμὸν
1056 3117 1178 3191 ποιεῖ,
1277 3193 1278 3196 ¹

160 3205 215 3273 καὶ
248 3206 329 3292 ἑξῆς.
370 3209 479 3293 ὥσπερ
513 3209 670 3295 ἐλέγομεν
702 3211 753 3276 ὅτι
785 3220 848 3288 πῖις
880 3211 1023 3296 ἀριθμὸς
1055 3210 1110 3277 ἐπὶ
1141 3215 1178 3279 τὸ
1277 3263 1278 3292 ,

162 3314 341 3399 ὁμώνυμον
383 3316 487 3381 αὐτοῦ
529 3319 650 3401 μόριον
685 3315 1012 3395 πολλαπλασιασθεὶς
1048 3319 1179 3402 μονοίθα
1276 3349 1277 3364 1

232 3513 246 3562 1
267 3505 337 3580 μένῃ
356 3525 425 3564 corr.
445 3526 479 3564 ex
497 3509 576 3579 μένει
595 3509 719 3564 secunda
736 3527 830 3566 manu.
877 3515 983 3564 21-24
998 3508 1180 3582 Ἀριθμοστὸν

219 3589 298 3634 ποιεῖ
313 3580 344 3634 in
362 3579 489 3650 margine
507 3582 619 3636 tantum
638 3582 759 3638 exstant.
