2578 3984
195 195 238 260 52
339 195 388 248 DE
406 193 619 248 DIOPHANTO
639 192 864 249 TESTIMONIA
881 193 1066 248 VETERUM.

239 360 368 441 τρίτον,
391 360 428 423 τὸ
453 356 610 442 τέτρατόν
632 380 667 422 τε
689 354 783 422 τοῦδ’
801 354 997 442 Ἀμφίονος,

241 464 275 543 ἓξ
295 463 351 546 [ἂν
369 466 422 547 τὰ]
442 459 537 530 πάντ’
555 464 718 550 ἀνευρών,
737 465 860 550 μητρὸς
879 462 1030 549 εὑρήσεις
1048 467 1217 548 σταθμόν.

239 891 289 955 Αί
304 892 445 977 Χάριτες
467 893 581 976 μήλων
600 891 770 967 καλόδους
794 889 911 975 φέρον,
935 889 971 954 ἐν
991 885 1027 955 δὲ
1047 887 1169 976 ἑκάστῃ

241 992 315 1062 ἴσον
339 1001 398 1082 ἔην
421 1003 558 1082 πλῆθος.
595 1001 733 1062 Μοῦσαι
757 999 875 1080 σφίσιν
898 996 1128 1079 ἀντεβόλησαν

240 1101 338 1169 ἐννέα
360 1102 415 1169 καλ
439 1107 554 1189 μήλων
577 1103 681 1187 σφέας
703 1102 815 1189 ᾔτεον·
839 1107 877 1168 αἳ
897 1100 927 1168 δ’
945 1099 998 1188 ἄρ’
1017 1104 1147 1167 έδωκαν

239 1207 314 1275 ἴσον
338 1209 456 1296 έκόστιχ
480 1216 620 1294 πλῆθος,
644 1213 721 1294 ἔχον
742 1207 770 1275 δ’
791 1215 846 1275 λσα
870 1207 967 1275 ἐννέα
990 1206 1045 1273 καὶ
1069 1220 1167 1295 τρεῖς.

240 1313 309 1382 εότέ
328 1319 435 1383 πόσον
449 1313 555 1407 <μ“εν>
571 1317 693 1400 δῶκαν,
713 1317 801 1394 ὅπως
821 1313 851 1382 δ’
870 1322 925 1382 όσα
943 1325 1046 1382 πᾶσαι
1065 1318 1213 1401 έχεσκον.

598 1491 601 1496 ’
654 1531 756 1615 <νθ>·
865 1555 867 1558 ·

245 1672 368 1751 Τεῦξόν
392 1696 448 1757 μοι
473 1671 651 1756 στέφανον,
674 1673 801 1758 χρυσὸν
824 1675 948 1756 χαλκόν
970 1695 1005 1736 τε
1028 1672 1196 1757 κερόσσας
1280 1725 1281 1758 ,

240 1781 437 1864 κασσίτερόν
460 1776 498 1844 θ’
522 1780 588 1864 ἅμα
611 1789 698 1844 τοῖσι
721 1779 934 1862 πολύκμητόν
956 1802 991 1845 τε
1015 1780 1169 1864 σίδηρον,
1280 1851 1281 1872 χ

241 1897 335 1970 μνῶν
359 1884 529 1969 ἑξήκοντα·
556 1888 679 1970 χρυσὸς
702 1882 732 1949 δ’
752 1882 850 1970 ἐχέτω
874 1886 954 1970 μετὰ
976 1890 1101 1970 χαλκοῦ

242 1994 318 2057 δοιδι
341 1989 421 2077 μέρη
446 2001 604 2078 τρισσῶν·
631 1994 754 2077 χρυσὸς
780 1988 810 2056 δ’
828 1993 895 2076 δι’μα
918 1993 1112 2076 κασσίτερος
1134 2013 1169 2055 τε

171 2120 183 2160 5
242 2101 359 2184 τρισσὰ
382 2097 464 2183 μέρη
488 2101 645 2183 τετόρων·
668 2099 792 2182 χρυσὸς
815 2094 846 2162 δ’
864 2095 918 2183 ἅμ’
937 2095 997 2182 ἠδέ
1021 2099 1159 2183 σίδηρος

242 2207 344 2271 τόσσα
368 2205 449 2290 μέρη
474 2216 541 2270 τῶν
560 2205 670 2270 πέντε·
694 2207 800 2270 τόσον
820 2203 850 2269 δ’
870 2206 933 2289 ἄρα
954 2207 1007 2270 δεῖ
1023 2221 1060 2270 σε
1078 2215 1217 2291 κερᾶσαι
1280 2215 1281 2218 ’

242 2310 338 2392 λέξον
360 2321 421 2378 τοῦ
443 2321 581 2398 χρυσοῦ,
605 2317 730 2397 χαλκοῦ
752 2315 869 2396 πόσον,
894 2309 965 2377 ἀλλ’
984 2315 1031 2376 έτι
1055 2310 1153 2391 λέξον

242 2417 450 2505 κασσιτέροιο
474 2421 592 2502 πόσον,
617 2423 736 2484 λοιττοῦ
760 2421 866 2484 πόσον
889 2415 959 2483 εἰπέ
983 2420 1125 2504 σιδήρου

243 2527 325 2592 ὥστε
349 2541 385 2590 σε
408 2525 468 2590 τὸν
492 2523 659 2610 στέφανον
680 2524 793 2604 τεῦξαι
817 2535 909 2609 μνῶν
934 2523 1100 2608 ἑξήκοντα.

625 2763 656 2803 ν.
697 2740 787 2803 ἄλλο.

247 2881 292 2945 Τὸ
313 2883 436 2965 τρίτον,
462 2879 674 2967 ἀργυροτοιέ,
698 2878 907 2965 τροσέμβαλε
929 2879 985 2945 καὶ
1003 2882 1040 2946 τὸ
1059 2878 1218 2966 τέταρτον

287 2995 344 3071 τῆς
367 2987 489 3071 φιάλης
512 2989 559 3064 εἰς
582 2988 618 3052 ἓν
643 2985 698 3051 καὶ
721 2987 758 3051 τὸ
783 2985 1010 3053 δυωδέκατον·

243 3095 291 3171 εἰς
314 3091 351 3158 δὲ
374 3095 516 3177 κόμινον
540 3097 658 3158 έλαυνε
682 3094 795 3176 βαλὼν
818 3091 873 3158 καὶ
896 3094 1003 3159 κιόντα
1026 3097 1173 3178 κυκήσας
1197 3097 1205 3114 “

288 3198 378 3280 έξελέ
398 3224 455 3284 μοι
480 3203 600 3283 βῶλον,
625 3209 713 3285 μνᾶν
737 3197 777 3264 δέ
798 3223 854 3284 μοι
878 3197 1056 3266 έλκυσότω.

245 3345 414 3352 >,-.--.-...----

271 3434 285 3481 1
305 3427 437 3498 τέταρτον
457 3426 487 3481 Ρ.
561 3433 576 3480 2
596 3425 632 3482 διν
650 3427 686 3481 τὰ
705 3426 760 3482 del.
780 3427 823 3482 ed.
893 3434 909 3482 8
929 3426 1011 3498 ἔσχον
1028 3428 1059 3483 Ρ.
1129 3436 1145 3484 9
1166 3428 1217 3501 μὲν

201 3500 291 3567 suppl.
311 3497 354 3552 ed.
421 3503 453 3552 12
472 3495 499 3552 τ’
520 3497 579 3568 ἅμα
597 3498 627 3554 Ρ.
692 3503 725 3552 15
745 3496 772 3552 δ’
790 3496 854 3570 ἅμ’]
874 3497 901 3554 δ’
923 3497 989 3554 αὖτ’
1012 3500 1053 3556 οδ.
1120 3507 1153 3555 16
1173 3522 1219 3557 κε-

200 3569 302 3638 ρόσσαι
320 3567 363 3623 ed.
1215 3578 1218 3584 ·
