2578 3984
170 176 213 240 58
314 175 363 230 DE
382 174 593 230 DIOPHANTO
613 175 837 230 TESTIMONIA
855 175 1040 231 VETERUM.

169 340 271 423 ἥμισυ
296 337 326 404 δ’
344 333 387 403 αὖ
410 340 563 424 τρίτατόν
581 361 615 403 τε
638 335 693 403 καὶ
717 339 851 421 ὄγδοον,
875 334 900 404 ὦ
924 339 1135 425 πολύμορφοι

214 445 404 530 ἀνθρώπων
427 448 551 529 Κῆρες,
576 444 700 530 ἐχθρὸν
724 447 841 529 έχοντα
865 444 985 530 βλέπω.

239 571 421 654 Σχόλιον.
455 567 640 634 Ὺπόκειταί
663 593 712 645 τις
744 569 865 648 κλέψας
891 571 1033 655 χρυσόν,
1065 569 1121 637 καὶ
1147 573 1191 637 τὸ

171 672 231 760 μὲν
255 676 359 742 αὐτοῦ
382 677 554 761 διανείμας
581 686 651 752 τοϊς
679 678 804 760 φίλοις,
832 677 870 741 τὸ
900 673 936 742 δὲ
963 677 1063 742 πάλιν
1087 677 1191 763 άφαι-

143 781 283 869 τρεθεὶς
310 784 375 849 ὑπὸ
403 783 545 868 ἐχθροῦ,
574 780 630 847 καὶ
657 778 762 866 μηδὲν
790 781 894 870 ἑαυτῷ
923 784 1189 869 ὑπολειπόμενος
1280 815 1281 846 ι

170 888 224 954 καὶ
249 891 304 954 διδι
322 899 420 954 τοῦτο
441 889 647 974 σχετλιάζων.
685 891 775 954 ἔστιν
794 883 857 955 οὖν
873 887 1045 959 καὶτοῦτο
1065 893 1187 977 ὅμοιον

170 995 225 1062 καλ
258 997 380 1082 ὁμοίως
411 1007 481 1074 τοῖς
512 996 576 1080 πρὸ
610 996 713 1061 αὐτοῦ
742 996 998 1081 έφοδευόμενον.
1040 999 1095 1064 δεί
1121 1001 1186 1085 γάρ

170 1106 281 1187 εὑρεῖν
304 1104 452 1187 άριθμὸν
476 1103 512 1179 ὃς
536 1102 705 1187 ἐλάχιστος
728 1102 775 1166 ὢν
794 1101 858 1180 ἕξει
882 1101 965 1188 μέρη
985 1102 1107 1190 [χἠᾏ
1131 1104 1187 1171 καὶ

171 1214 261 1277 ἔστιν
276 1211 294 1278 ὑ
312 1197 368 1277 κδ·
388 1210 446 1275 έάν
466 1204 528 1275 οὑν
547 1213 644 1294 λείψη
664 1204 762 1286 οὗτος
779 1209 817 1274 τὸ
839 1207 913 1295 L‘y'
926 1208 973 1294 η’,
996 1215 1186 1278 καταλείπει

131 1342 155 1382 ιο
171 1327 242 1402 μθᾶ
270 1316 440 1384 τουτέστιν
467 1319 504 1382 τὸ
533 1313 588 1381 κδ’
607 1315 719 1400 μέρος·
748 1313 820 1381 ἀλλ’
843 1316 876 1396 έξ
904 1316 1007 1402 ἀρχῆς
1033 1317 1186 1384 ὑπέκειτο

170 1427 226 1490 λ’να
253 1427 350 1510 λείψη
378 1435 414 1508 μο
431 1431 469 1511 μ’
503 1422 627 1488 οὐκοῦν
654 1425 714 1488 τὸν
739 1409 784 1488 κδ
810 1424 1102 1503 πολλαπλασιάσας
1132 1424 1186 1492 ἐπὶ

169 1534 228 1598 τὸν
260 1535 283 1614 μ
312 1534 443 1615 ποιήσει
475 1533 535 1596 τὸν
567 1530 714 1617 ἀριθμὸν
752 1516 823 1614 (ἧς-ξ,
861 1531 951 1608 ὅστις
984 1536 1114 1617 ποιησει
1146 1535 1185 1599 τὸ

169 1641 355 1722 πρόβλημα.

606 1767 626 1808 ι.
657 1744 748 1808 άλλο.

128 1894 154 1934 15
214 1868 372 1954 Πέμπτον
391 1891 446 1952 μοι
464 1869 601 1954 κλήρου,
620 1877 689 1949 παῖ,
710 1867 870 1950 λάμβανε·
895 1866 1083 1934 δωδέκατον
1103 1866 1141 1935 δὲ

259 1975 349 2059 δέξο,
373 1975 496 2059 δάμαρ·
520 1977 658 2059 πίσυρες
681 1971 712 2038 δ’
730 1971 821 2051 υἱέος
844 1973 1022 2058 οἰχομένου

212 2084 343 2165 παῖδες,
370 2081 546 2165 άδελφειοί
564 2104 599 2145 τε
624 2081 693 2145 δύω
717 2078 772 2144 καὶ
796 2079 958 2163 ἀχάστουε
981 2089 1094 2164 μῆτερ,

258 2188 437 2272 ἑνδεκάτην
461 2190 586 2270 κλήρου
610 2197 731 2272 μοῖραν
754 2185 890 2263 ἕκαστος
914 2190 974 2273 έχε.

213 2295 328 2378 αὐτάρ,
352 2294 495 2378 ἀνεψιοί,
520 2293 581 2359 δύο
605 2291 660 2358 καὶ
684 2292 762 2358 δέκα
786 2292 887 2378 δέχθε
909 2294 1064 2377 τάλαντα,

128 2428 155 2466 εο
257 2404 431 2486 Εὔβουλος
451 2396 486 2464 δ’
509 2398 607 2485 ἐχέτω
630 2399 727 2466 πέντε
749 2400 893 2466 τάλαντα
916 2404 1023 2484 φίλος.

213 2509 420 2585 πιστοτάτοις
443 2507 609 2592 δμώεσσιν
633 2506 829 2591 ἐλευθερίην
847 2505 907 2600 καὶ
930 2507 1053 2572 άποινα

257 2617 382 2701 μισθὸν
404 2615 586 2699 ὑπηρεσίης
608 2615 720 2679 τοῖσδε
745 2615 866 2699 δίδωμι
888 2615 980 2679 τάδε·

212 2718 277 2789 ὧδε
300 2720 571 2807 λαμβανέτωσαν·
591 2718 765 2805 Ὀνήσιμος
788 2722 990 2786 είκοσίπευτε

256 2840 340 2915 μνᾶς
364 2827 475 2913 έχέτω·
499 2828 589 2904 Δοὸς
613 2824 642 2892 δ’
660 2833 767 2892 είκοσι
790 2835 874 2911 μνᾶς
897 2825 1010 2911 ἐχέτω·

128 2957 155 2998 25
212 2939 416 3019 πεντήκοντα
435 2935 559 3018 Σύρος,
584 2935 716 3017 Συνετη
741 2932 832 3019 δέκα,
859 2937 974 3018 Τίμιος
997 2934 1096 3018 ὀκτώ·

257 3042 336 3108 ἑπτά
360 3038 396 3106 δέ
420 3050 505 3124 μνᾶς
527 3045 665 3127 Συνετῷ
689 3039 783 3105 παιδὶ
808 3042 928 3126 δίδωμι
951 3042 1078 3125 Σύρου.

212 3148 247 3215 έκ
271 3147 308 3213 δὲ
330 3150 534 3231 τριηκόντων
557 3150 742 3233 κοσμήσατε
766 3157 854 3233 σῆμα
877 3148 1060 3232 ταλάντων,

255 3254 360 3338 ῥέζετε
385 3251 414 3320 δ’
435 3255 569 3345 Οὐδαίω
594 3253 679 3321 Ζανὶ
702 3258 903 3339 θυηπολίην.

237 3418 253 3466 5
272 3411 475 3482 ὑπολιπόμενος
484 3413 513 3467 P.
556 3418 591 3465 14
608 3413 659 3483 Ep.
674 3413 747 3484 XIV,
764 3419 823 3467 123.
865 3417 899 3466 18
919 3409 1045 3484 ἕκαστος]
1057 3409 1135 3477 ἕκτος
1149 3414 1181 3468 Ρ.

202 3491 235 3539 19
250 3485 409 3552 ἀνεψιαδοῖ
417 3484 461 3540 ed.
498 3483 711 3556 λθΕὑβολοςΡ.
749 3490 783 3538 23
803 3481 857 3539 ὦδε
872 3481 903 3538 δὲ
919 3484 962 3540 ed.
1000 3483 1181 3547 24Δάοςθδ.

201 3562 235 3610 25
257 3558 351 3629 Τίβιος
369 3555 413 3610 ed.
