2570 3988
187 253 230 316 28
392 252 625 308 DIOPHANTUS
645 252 999 308 PSEUDEPIGRAPHUS.
1280 287 1282 346 ρ

188 417 248 497 ρας
276 417 394 499 έχοντα
421 424 460 500 τῇ
489 414 651 502 διαμέτρῳ
680 425 740 481 τοῦ
768 417 950 502 κυλίνδρου
978 415 1034 481 καὶ
1057 419 1095 482 τὸ
1118 417 1213 496 ὕψος

189 529 278 602 ἴσον,
311 521 367 586 καὶ
395 524 439 599 ὡς
471 522 524 588 εἰιὶ
551 534 617 587 τῶν
646 523 778 588 κύκλων
806 525 911 588 είιιείν
939 524 989 588 ὅτι
1017 525 1057 588 τδι
1085 523 1212 590 ἕνδεκα

187 629 392 714 τετράγωνα,
422 630 461 693 τδι
485 629 577 704 ἐκτὸς
600 631 872 713 περιγραφόμενα
894 639 955 695 τοῦ
978 630 1120 714 κύκλου,
1149 637 1212 696 ίσα

188 734 255 801 ἐστὶ
289 734 500 820 δεκατέτραοι
532 736 666 812 κύκλοις
696 746 766 811 τοῖς
798 737 860 819 τὴν
890 736 995 820 αὐτὴν
1026 737 1211 822 διάμετρον

160 845 332 926 τέχουσιν,
361 843 466 918 οὕτως
493 840 549 906 καὶ
576 843 612 906 οδ
632 841 750 907 ένδεκα
774 844 872 926 κύβοι
897 849 963 909 ίοοι
987 842 1050 908 εἰσὶ
1074 843 1210 909 δεκατέ-

186 966 283 1034 τρασι
300 950 503 1031 κυλίνδροις,
528 943 576 1012 ὧν
595 949 632 1012 αί
647 947 787 1034 πλευραὶ
809 955 878 1014 ίσαι
897 947 962 1015 είσὶ
980 958 1018 1034 τῇ
1040 948 1208 1038 διαμέτρῳ

186 1053 241 1120 καὶ
265 1065 309 1142 τῷ
334 1055 428 1138 ὕψει,
452 1053 507 1119 καὶ
531 1057 640 1139 ὥσπερ
669 1053 812 1120 ἐπὶτῶν
835 1057 967 1120 κύκλων
991 1057 1209 1140 λαμβάνομεν

186 1163 223 1227 τὸ
255 1161 402 1245 ἐμβαδὸν
433 1170 493 1227 τοῦ
520 1163 732 1244 τετραγώνου
759 1160 814 1226 καὶ
846 1171 1007 1246 ποιοῦμεν
1036 1160 1210 1240 ἑνδεκάκις

188 1267 243 1333 καὶ
268 1271 441 1354 μερίζομεν
463 1270 552 1354 παρὰ
570 1253 622 1352 ίδ,
650 1266 706 1333 καὶ
729 1271 820 1334 ἔσται
843 1271 880 1333 τὸ
905 1269 1040 1352 στερεὸν
1062 1277 1124 1332 τοῦ
1147 1292 1209 1333 κυ-

147 1398 173 1436 10
188 1378 337 1461 λίνδρου.

244 1483 353 1548 Ἔστω
377 1483 555 1564 κύλινδρος
579 1477 620 1547 οὗ
642 1481 663 1565 ἡ
688 1482 863 1581 διάμετρος
889 1466 981 1560 ξκαὶ
1003 1482 1040 1547 τὸ
1064 1481 1149 1558 ὕψος
1173 1485 1208 1558 ζ·
1264 1488 1279 1540 b

187 1592 299 1674 εὑρεῖν
318 1591 423 1655 αὐτοῦ
441 1590 477 1653 τὸ
498 1591 642 1672 στερεόν.
679 1591 718 1652 τδι
743 1589 932 1671 ζκύβισον,
950 1593 1102 1671 γίνονται
1125 1613 1143 1654 τ
1168 1609 1208 1670 ν·

187 1706 289 1762 ταῦτα
309 1697 581 1761 κολυτλασίασον
601 1692 654 1759 ἐπὶ
672 1696 712 1759 τδι
730 1699 780 1776 ι’ἇ,
800 1699 952 1777 γίνονται
973 1706 1081 1782 μνον·
1100 1705 1208 1760 ταῦτα

187 1802 295 1889 μέριζε
318 1805 407 1888 παρὰ
430 1803 469 1865 τδι
493 1803 541 1884 ιδ,
565 1803 717 1883 γίνονται
742 1802 806 1881 σξθ
829 1797 869 1876 L'.

146 1929 172 1969 15
257 1906 352 1987 Τινὲς
377 1905 413 1974 δὲ
435 1919 569 1993 πρῶτον
591 1911 629 1973 τὸ
658 1908 805 1991 ἐμβαδὸν
829 1909 1099 1992 λαμβάνουσιν“
1082 1933 1127 1986 ονς
1150 1907 1206 1974 ἐπὶ
1264 1932 1276 1969 α

185 2026 246 2082 τοῦ
269 2017 405 2098 κύκλου,
428 2014 483 2080 καὶ
506 2018 578 2080 τότε
601 2025 758 2080 ποιοῦσιν
781 2013 834 2080 ἐπὶ
857 2016 893 2080 τὸ
917 2014 1011 2093 ὕψος.

254 2120 338 2207 Περὶ
363 2118 400 2186 δὲ
422 2129 480 2204 τῆς
503 2123 648 2207 σφαίρας
668 2119 723 2186 καὶ
742 2125 926 2205 κυλίνδρου
945 2122 962 2188 ὁ
983 2123 1083 2200 αὐτὸς
1098 2117 1207 2208 Ἀρχι-
1223 2139 1259 2189 43

186 2231 293 2314 μήδης
325 2226 497 2306 ἀπέδειξεν
525 2227 575 2293 ὅτι
607 2228 627 2310 ἡ
661 2239 787 2312 σφαῖρα
821 2230 975 2315 δίμοιρον
1008 2228 1108 2317 μέρος
1136 2230 1208 2296 ἐστὶ
1264 2253 1278 2290 a

185 2346 246 2404 τοῦ
268 2336 574 2423 περιλαμβάνοντος
598 2335 702 2418 αὐτὴν
726 2338 919 2422 κυλίνδρου,
942 2335 997 2402 καὶ
1016 2345 1078 2414 τᾶς
1096 2349 1208 2415 κῶνος

146 2464 171 2502 20
184 2446 299 2529 τρίτον
327 2441 426 2529 μέρος
458 2439 526 2507 ἐστὶ
559 2444 743 2524 κυλίνδρου
775 2453 836 2508 τοῦ
868 2445 929 2526 τὴν
966 2444 1071 2528 αὐτὴν
1104 2445 1207 2527 βιίσιν

186 2553 319 2636 έχοντος
342 2549 431 2637 αὐτῷ
455 2546 511 2614 καὶ
533 2549 619 2628 ὕψος
643 2555 726 2614 ίοον.

249 2655 326 2722 Ἐὰν
350 2651 413 2722 οὖν
437 2655 500 2721 ιἰιιὸ
524 2663 584 2721 τοῦ
607 2657 791 2742 κυλίνδρου
814 2654 917 2742 θέλῃς
941 2657 1052 2742 εὑρεῖν
1075 2658 1112 2722 τὸ
1133 2655 1206 2723 οτε-
1264 2667 1279 2719 b

186 2767 264 2849 ρεὸν
287 2773 344 2848 τῆς
368 2766 524 2849 σφαίρας,
548 2762 630 2827 ὅσον
654 2761 695 2828 δν
718 2762 842 2849 εὑρέδῃ
867 2763 884 2829 ὁ
908 2765 1097 2850 κύλινδρος,
1122 2769 1205 2848 λαμ-

185 2872 298 2955 βαίνεις
326 2871 431 2936 αὐτοῦ
462 2871 499 2936 τὸ
527 2887 566 2934 ολ.
612 2867 667 2934 καὶ
700 2871 791 2936 ἔσται
823 2871 860 2935 τὸ
889 2875 1037 2957 στερεόν
1069 2869 1177 2935 καὶ
1159 2897 1206 2948 ως

145 2978 225 3044 νδέκ
228 2978 239 3044 λ
262 2963 384 3060 τῶνξ,
413 2978 463 3042 ὅτι
487 2974 556 3042 ἐστὶ
580 2972 701 3059 egel,
729 2978 765 3043 τὸ
790 2975 834 3061 γ’,
866 2980 1018 3061 γίνονται
1040 2974 1135 3054 τοδί
1159 2975 1205 3061 γ’.

252 3087 401 3150 Κάλλιον
429 3083 492 3149 ιἰιιὸ
520 3092 581 3148 τοῦ
608 3084 778 3168 κύβον,“
761 3109 805 3160 ως
833 3082 885 3149 έιιλ
913 3093 974 3150 τοῦ
1006 3087 1203 3170 κυλίνδρου,
1261 3113 1274 3149 ι

256 3303 320 3351 430.
345 3294 384 3350 Cf.
405 3294 475 3350 Stet.
490 3295 512 3365 1,
527 3301 551 3349 4.

257 3498 272 3545 6
292 3494 436 3574 κυλίνδροι
454 3491 487 3546 Α
552 3495 567 3543 9
586 3511 645 3560 παρ
647 3489 666 3544 δι
685 3492 725 3560 ιδ]
746 3489 887 3558 quaedam
905 3488 1043 3545 excidisse
1062 3489 1202 3546 videntur

221 3569 254 3617 25
280 3562 362 3634 coni,
394 3580 452 3618 non
482 3512 645 3632 sphaerae,
664 3561 786 3616 solidum
819 3562 1009 3631 computatur
1059 3561 1202 3616 Lacunam

184 3634 319 3707 suspicor.
