2570 3988
179 229 199 292 6
380 224 614 280 DIOPHANTUS
635 197 991 279 PSEUDEPIGRAPHUS.

178 391 239 472 τὴν
264 390 393 474 μονάδα
416 390 489 472 ἤτοι
512 388 571 452 τὸν
598 389 698 452 πύδα·
730 355 829 453 τοδτο
855 388 919 472 γὰρ
946 384 1001 453 καὶ
1026 385 1110 466 πρὸς
1138 386 1197 462 τὰς

178 504 238 560 τοῦ
267 497 458 580 Προχείρον
485 496 640 570 Καυόνος
673 495 897 577 Ψηφοφορίας
927 491 1075 576 ἐξαρκεῖν
1104 493 1201 557 δονεῖ

178 613 248 680 τοϊς
270 607 432 678 παλαιοῖς.
1143 637 1150 652 ·
1186 583 1191 595 ⁴

279 776 281 780 ,
437 706 522 793 Περὶ
544 711 871 790 πολλαπλασιασμοῦ.
963 775 965 780 ,

152 837 164 877 ο
437 819 766 897 Πολλαπλασιασμοῦ
789 812 934 897 ὁρισμός.

269 924 592 1006 Πολλαπλασιασμός
624 921 692 985 έστι
726 920 886 996 σύνθεσις
924 919 1072 1004 ἀριθμοῦ
1103 928 1198 997 τινος
1282 931 1283 994 j

71 1117 73 1124 Ι
179 1025 341 1106 δοθέντος
367 1027 445 1095 καθ’
473 1028 586 1113 ἕτερον
606 1027 762 1113 ,ᾀριθμὸν
791 1025 949 1092 δοθέντα·
982 1025 1087 1092 οίονεὶ
1114 1027 1197 1092 ὅταν

178 1135 196 1201 ὁ
226 1134 337 1221 ἕτερος
367 1134 564 1212 τοσαυτάκις
595 1133 834 1217 συντιθέμενος
861 1123 882 1218 ᾖ
907 1131 1029 1209 ὁπόσος
1057 1131 1149 1197 ἐστὶν
1178 1133 1196 1199 δ

83 1243 86 1248 ’
178 1241 289 1329 ἔτερος
312 1241 348 1308 έν
371 1250 416 1330 τῷ
441 1244 564 1325 πλήθει
587 1252 653 1305 τῶν
673 1241 831 1325 μονάδων
849 1237 904 1305 καὶ
922 1247 1001 1327 ποιῇ
1020 1263 1096 1305 τινα
1114 1242 1197 1305 κατὰ

139 1372 163 1410 10
177 1351 215 1415 τὸ
238 1355 368 1434 πλῆθος
388 1357 445 1432 τῆς
464 1345 666 1430 συνθέσεως,
690 1347 707 1412 ὁ
727 1349 907 1430 γενόμενος
926 1343 1054 1429 λέγεται
1073 1351 1195 1411 πολλα-

139 1535 141 1539 ,
178 1456 385 1540 πλασιασμὸς
407 1463 469 1520 τοῦ
492 1453 606 1539 ἑτέρου
629 1455 711 1518 κατὰ
733 1455 793 1518 τὸν
816 1452 940 1538 ἕτερον.

266 1562 408 1646 Λέγεται
430 1559 492 1644 μὲν
514 1558 570 1624 καὶ
593 1561 877 1652 ἄλλμσύνθεσις,
910 1558 982 1625 ἀλλ’
1008 1558 1049 1624 οὐ
1072 1564 1197 1624 πολλα-

177 1670 394 1752 πλασιασμός·
428 1665 483 1733 καὶ
513 1668 576 1753 γὰρ
605 1666 622 1733 ὁ
651 1667 687 1731 ἐκ
713 1676 781 1730 τῶν
814 1664 987 1732 δοθέντων
1019 1671 1083 1730 είτε
1112 1671 1196 1731 ίσων

177 1782 242 1841 είτε
275 1775 400 1840 ἀνίσων
434 1774 588 1859 ἀριθμῶν
621 1771 677 1838 καὶ
709 1779 774 1838 εἴτε
808 1774 869 1838 δύο
902 1771 922 1856 ἢ
953 1783 1056 1858 τριῶν
1088 1771 1109 1856 ἣ
1139 1771 1196 1838 καὶ

138 1903 164 1943 1⁵
177 1885 342 1950 πλειόνων
375 1884 566 1965 συντεθείς,
603 1880 715 1956 ἁπλῶς
752 1879 881 1963 λέγεται
913 1885 1121 1962 συγκεῖσθαι,
1154 1879 1196 1944 οὐ
1282 1939 1283 1942 ,

178 1989 291 2074 μέντοι
314 1991 580 2054 πολλαπλασίων.
615 1987 942 2071 πολλαπλασιάζομεν
967 1983 1003 2050 δὲ
1029 1984 1049 2069 ἢ
1073 1996 1195 2071 μοῖραν

179 2094 232 2162 ἐπὶ
254 2108 375 2180 μοῖραν
399 2095 419 2178 ἢ
443 2097 562 2177 μοίρας
585 2091 638 2158 ἐπὶ
661 2095 794 2177 μοίρας,
824 2091 880 2158 καὶ
907 2092 1007 2156 πάλιν
1028 2091 1050 2176 ἢ
1075 2093 1196 2157 λεπτὸν

158 2200 232 2268 -έπλ
255 2203 375 2267 λεπτὸν
397 2201 417 2285 ἢ
441 2202 542 2266 λεπτοὶ
566 2199 618 2267 ἐπὶ
642 2201 752 2283 λεπτοί,
776 2198 832 2265 καὶ
856 2197 974 2283 ἀνάμιξ
998 2207 1118 2283 μοῖραν
1143 2195 1196 2263 ἐπὶ

177 2309 298 2374 λεπτὸν
325 2306 380 2373 καλ
407 2308 523 2372 λεπτοί·
554 2303 626 2373 ἀλλ’
652 2308 673 2392 ἡ
697 2303 758 2390 μ’δν
786 2317 886 2394 μοῖρα
914 2302 967 2390 ἐφ’
995 2305 1012 2370 δ
1037 2303 1079 2369 δν
1107 2300 1196 2381 εἶδος

39 2439 41 2445 ’
139 2437 164 2476 νο
178 2420 494 2501 πολλαπλασιασθῇ,
517 2415 555 2479 τὸ
580 2415 660 2481 αὐτὸ
684 2410 773 2491 εἶδος
795 2424 896 2479 ποιεί·
920 2410 974 2479 ἐπὶ
992 2413 1059 2499 γὰρ
1082 2423 1196 2494 πρῶτα

36 2523 39 2530 ’
177 2523 278 2589 λεπτὰ
292 2519 622 2606 πολυπλασιαζομένη
640 2521 661 2605 ἡ
678 2533 777 2608 μοῖρα
794 2521 814 2605 ἣ
832 2531 945 2606 μοῖραι
961 2530 1075 2605 πρῶτα
1095 2520 1197 2609 λεπτὰ

177 2617 346 2695 ποιοῦσίν·
379 2626 434 2695 καὶ
467 2627 633 2708 ἀνάπαλιν
665 2631 769 2693 λεπτδι
797 2639 910 2714 πρῶτα
943 2624 995 2693 ἐπὶ
1025 2637 1146 2712 μοῖραν
1175 2625 1195 2709 ἣ

97 2795 100 2802 .
178 2738 295 2821 μοίρας
317 2746 408 2801 ποιεί
428 2747 541 2821 πρῶτα
565 2735 675 2818 λεπτιί,
699 2733 754 2799 καὶ
774 2734 847 2818 ἑξῆς
866 2734 1011 2818 ὁμοίως·
1023 2745 1123 2817 μοῖρα
1143 2731 1196 2798 ἐπὶ
1268 2713 1272 2724 ’

179 2843 333 2928 δεύτερα,
357 2843 496 2934 δεύτερα
518 2853 609 2908 ποιει
628 2839 681 2906 καὶ
707 2839 761 2906 ἐπὶ
784 2844 892 2926 τρίτα,
919 2842 1014 2924 τρίτα
1036 2837 1091 2903 καὶ
1110 2837 1196 2922 ἑξῆς

137 2968 164 3008 25
178 2961 292 3033 πρῶτα
316 2945 353 3014 δὲ
377 2947 430 3014 έπλ
452 2960 567 3034 πρῶτα
589 2959 680 3014 ποιεί
700 2948 852 3032 δεύτερα,
882 2947 964 3031 ἅπερ
989 2944 1078 3011 ἐστὶν
1102 2944 1197 3011 ἐλασ-

180 3075 264 3121 σονα
286 3043 355 3120 τῶν
377 3056 518 3142 πρώτων
542 3055 622 3140 (τῶν
642 3041 703 3139 μέν
722 3056 785 3138 γὰρ
804 3054 946 3136 πρώτων
963 3055 1001 3119 τὸ
1020 3053 1057 3118 ἓν
1076 3053 1197 3118 λεπτὸν
1263 3127 1268 3140 ,

180 3162 224 3242 ξ·
252 3159 339 3228 ἐστι
347 3171 405 3246 τῆς
431 3165 562 3246 μοίρας·
594 3173 661 3226 τῶν
694 3158 731 3227 δὲ
764 3160 945 3246 δευτέρων,
978 3159 1081 3247 W)
1115 3161 1196 3243 ὅπερ
1244 3227 1248 3238 ,

252 3355 360 3410 vm&
377 3355 409 3410 A.
443 3349 586 3426 ἀριθμὸν
606 3317 826 3424 οοωρθοδίοΒ,
853 3352 953 3408 ιιαλΑ.
1032 3348 1159 3418 ΒῆΑΒ.
1247 3337 1250 3342 ’

91 3501 95 3508 υ
179 3432 214 3481 12
234 3426 301 3496 ἄλλη
312 3427 369 3482 ΑΒ
409 3432 441 3482 16
460 3426 686 3497 πολλαπλασίων]
704 3399 934 3492 πολλαπλαοκΑ,
947 3421 1198 3479 πολλαπλασιονΒ.

217 3522 250 3570 19
270 3516 366 3588 μοῖρα]
386 3520 422 3570 Μ
437 3515 470 3585 A,
490 3515 627 3586 μονδιςΒ,
646 3522 732 3587 μοιρα
750 3514 780 3568 in
798 3513 934 3584 margine.
1006 3518 1037 3566 21
1058 3511 1076 3580 ἡ
1096 3528 1150 3567 om.
1165 3512 1197 3568 B.

216 3611 250 3659 22
268 3603 431 3672 ποιοῦοιΒ.
488 3599 535 3658 ἐπὶ
554 3621 608 3660 om.
627 3605 660 3658 A.
716 3609 750 3656 27
770 3605 800 3670 ξξ
819 3603 849 3656 id
868 3605 911 3657 est
930 3597 1085 3670 ἓξητοστῶν
1103 3600 1161 3656 ΑΒ.
