2570 3988
463 226 742 281 PROLEGOMENA.
943 240 946 248 ’“
991 227 1110 283 XXXIX

93 383 176 474 (pua
198 417 239 440 =
261 387 460 468 διπλασίων)
484 389 652 455 defendere
680 391 817 474 possim3
845 391 900 456 sed
928 391 1008 456 illud
1036 413 1108 475 per-

95 493 280 578 spicuitatis
305 518 401 561 causa
424 497 517 581 elegi,
541 519 599 562 nec
617 479 795 582 ⁸genuinam
819 498 957 563 formam
982 520 1107 581 reprae-

94 604 225 666 sentare
249 604 382 688 tentari,
406 625 503 687 quam
526 605 637 688 potius
661 603 720 675 At
739 605 839 670 fuisse
863 605 966 670 credo
1099 591 1102 598 ¹

161 707 224 772 Pro
247 706 444 793 τετραπλασ’
465 711 620 794 seriptum
645 713 924 795 6810033017,
948 715 983 776 at
1006 712 1107 776 etiam

92 815 266 899 τετάρτου,
291 817 368 901 326,
393 818 436 882 24
460 814 514 903 (ex
538 813 601 904 δ’),
630 822 662 882 et
685 818 944 901 τετραπλεύρου,
977 819 1055 896 246,
1080 819 1107 902 1,

93 944 210 1006 nempe
234 944 273 986 ex
297 917 374 986 dffl'.

161 1029 226 1093 Pro
253 1029 401 1115 τετράκις
429 1031 654 1116 compendium
684 1029 747 1096 ΔΚ
769 1029 868 1118 (226,
889 1031 950 1114 21)
984 1036 1106 1096 certum

43 1141 45 1145 ’
93 1139 157 1218 est;
189 1157 343 1220 persaepe
371 1122 406 1200 in
432 1136 679 1224 διακεκριμένος
706 1139 844 1203 absurde
875 1139 1018 1203 solutum
1049 1142 1108 1222 est,

95 1264 178 1326 quae
198 1264 261 1307 vox
280 1245 455 1329 astrologis
474 1245 571 1309 solita
592 1246 718 1310 librarii
737 1241 787 1331 (a)
805 1242 1108 1310 indolem'denotat.

160 1349 213 1413 Ex
240 1349 356 1434 quibus
389 1352 520 1416 omnino
550 1356 752 1416 constantem
781 1351 1044 1435 compendiorum
1071 1351 1108 1415 il·

93 1456 202 1519 lorum
234 1457 395 1521 rationem
427 1457 529 1522 fuisse
561 1458 615 1521 vix
647 1458 792 1541 credam3
825 1461 969 1522 attamen
1001 1480 1040 1522 ea
1073 1459 1107 1522 in

93 1561 273 1646 archetypo
303 1563 493 1646 saepissime
521 1564 644 1628 usitata
675 1587 760 1649 esse,
789 1587 950 1650 unamque
978 1565 1106 1630 literam

92 1669 143 1732 vel
169 1668 249 1732 duas
274 1669 313 1734 ad
341 1670 521 1754 plurimum
548 1671 690 1736 numeris
716 1671 895 1755 adscriptas
919 1671 1019 1736 fuisse
1047 1694 1106 1768 pro

93 1780 182 1840 certo
207 1778 311 1841 teneo.

160 1883 191 1946 3.
230 1883 281 1946 Ad
309 1883 562 1966 duplicationem
591 1883 815 1967 compendiis
843 1883 878 1949 in
903 1885 1022 1968 plurali
1049 1908 1106 1950 nu-

94 2011 183 2054 mero
211 2011 297 2054 nunc
326 1989 437 2076 redeo;
470 1989 555 2054 hunc
583 1989 803 2074 Byzantinum
831 2013 956 2056 morem
983 1992 1017 2055 in
1044 1991 1107 2058 hoc

1 2137 2 2140 =
94 2097 197 2162 altero
226 2097 388 2161 volumine
416 2097 618 2161 retinendum
642 2097 766 2180 censui,
795 2119 931 2182 eumque
959 2099 1106 2163 finalium

93 2203 259 2268 additione
283 2203 499 2288 antiquiorem
523 2225 592 2268 ease
623 2205 690 2268 iam
712 2203 792 2288 dixi,
822 2205 906 2288 quod
935 2226 973 2268 ex
998 2205 1107 2271 codice

92 2311 124 2374 A
153 2310 258 2374 evinci
286 2314 405 2393 potest.
452 2309 512 2376 Sed
536 2332 577 2374 ue
601 2311 713 2374 credas
741 2310 824 2374 hano
851 2311 1012 2376 scribendi
1035 2335 1108 2377 nor-

92 2439 180 2481 mam
204 2417 405 2500 temporibus
427 2415 607 2501 Diophanti
629 2418 695 2481 iam
713 2416 900 2503 invaluisse,
924 2419 1028 2483 multa
1052 2420 1106 2484 ob-

93 2527 184 2588 stant
208 2520 350 2608 (praeter
369 2523 458 2588 locos
479 2545 577 2607 supra
597 2524 716 2588 allatos
736 2525 788 2608 98,
805 2525 845 2588 11
871 2529 903 2588 et
926 2525 1000 2607 390,
1020 2526 1050 2607 3,
1069 2523 1105 2612 4)

93 2633 126 2694 et
148 2630 342 2715 praesertim
361 2634 507 2695 veterum
531 2631 794 2713 compendiorum
818 2631 914 2713 rati03
939 2652 1106 2714 nunquam

92 2748 128 2822 μθ
152 2734 218 2822 (rel
236 2736 339 2820 μονάς
358 2738 410 2801 rel
428 2734 543 2823 μοῖρα)
563 2737 728 2820 duplicata
746 2736 822 2819 fuit3
847 2747 885 2819 pv
904 2736 1106 2821 duplicatum

91 2866 159 2910 non
178 2843 343 2927 myriades
362 2845 470 2928 plures
491 2843 547 2908 sed
562 2843 737 2927 myriadem
757 2842 888 2925 duplam
908 2839 1106 2928 (myriadem

93 2947 266 3036 myriadis)
298 2951 467 3035 significat.
523 2948 576 3017 Sic
607 2949 815 3033 Diophantus
848 2949 938 3013 ΔΥΛ
975 2951 1134 3035 scripsit*

92 3080 152 3141 pro
173 3057 458 3141 δυναμοὸύναμις,
480 3057 571 3120 ΚῩΚ
589 3078 647 3140 pro
667 3059 863 3140 κυβόκυβος,
889 3079 982 3142 quem
1002 3080 1106 3142 usum,

93 3165 165 3228 etsi¹
186 3165 267 3228 satis
296 3163 455 3246 monitus,
486 3185 601 3246 parum
631 3164 717 3228 cavit
745 3163 895 3228 librarius
920 3161 977 3250 (a)
1007 3187 1105 3247 quum

93 3270 319 3353 compendium
337 3271 392 3333 ΔῩ
414 3271 447 3333 in
473 3269 592 3354 plurali
611 3291 744 3333 numero
765 3269 942 3354 duplicavit
964 3271 1034 3354 194,
1054 3272 1106 3355 20,

92 3377 171 3440 item
195 3376 421 3461 compendium
444 3377 501 3441 K?
522 3375 596 3458 210,
617 3375 666 3440 19.

158 3482 229 3547 Imo
268 3505 327 3549 nec
365 3483 445 3547 mihi
485 3483 643 3568 genuinus
681 3483 808 3548 videtur
844 3482 1105 3547 Heronianorum

93 3590 239 3655 codicum
277 3612 354 3655 usus
390 3591 428 3655 de
462 3589 656 3673 duplicando
690 3589 883 3655 fractionum
921 3589 1106 3653 denomina-
