2570 3988
174 235 266 292 XXIV
332 248 336 254 '
539 240 815 293 PROLEGOMENA.
831 267 833 270 ·

175 398 262 464 haud
286 400 493 483 exhibuerim,
518 424 616 487 quum
639 405 749 466 tamen
772 401 862 486 prior
883 401 1042 487 scriptura
1060 404 1092 468 A
1114 405 1184 469 erui

173 528 237 571 non
261 508 430 591 potuisset.

240 623 269 687 2.
309 621 493 690 Vaticanum
526 623 556 687 V
583 645 621 687 ex
653 621 840 688 Matritensi
876 623 948 708 ipso
985 625 1184 710 descriptum

174 728 274 794 fuisse
312 735 387 813 post
421 731 583 814 integram
616 729 782 814 utriusque
819 730 937 796 codicis
975 732 1184 797 collationem
1281 819 1282 824 ἵ

171 837 280 901 nullus
309 837 420 902 dubito
449 840 482 900 et
510 836 588 900 satis
619 836 822 900 demonstrat
847 836 957 902 addita
981 838 1184 904 Introductio

172 943 360 1008 harmonica
384 943 613 1008 Pu-Euuidea
636 939 769 1028 (videsis
793 965 904 1027 supra,
927 966 956 1027 p.
972 941 1076 1031 VIII).
1118 944 1182 1010 Sed

172 1051 272 1115 etiam
295 1050 520 1114 Matritensem
545 1047 668 1113 Romae
696 1053 773 1114 tunc
801 1051 881 1114 satis
910 1051 1007 1136 longo
1037 1056 1182 1136 tempore

173 1161 303 1240 praesto
323 1157 423 1221 fuisse
443 1156 557 1222 coniiei
581 1161 703 1240 potest3
725 1155 991 1222 bibliothecarius
1011 1158 1096 1222 enim
1118 1159 1183 1243 ille,

173 1264 228 1346 qui
256 1264 395 1345 priscam
423 1264 569 1327 tabulam
598 1262 700 1327 codici
730 1263 761 1328 V
787 1263 963 1346 praefixam
975 1263 999 1350 1)
1033 1265 1182 1348 confecit,

172 1391 271 1433 manu
299 1393 357 1436 sua
384 1392 450 1435 non
479 1373 606 1434 tantum
633 1370 748 1434 titulos
780 1369 962 1434 deficientes
989 1369 1181 1436 Arithmeti-

171 1498 282 1542 corum
306 1477 397 1541 libris
417 1475 442 1559 l,
462 1475 495 1540 ΙΙ
515 1480 546 1540 et
563 1474 615 1540 III
639 1479 823 1540 atramento
847 1475 978 1558 addidit,
1003 1478 1058 1541 sed
1082 1478 1180 1542 etiem
1281 1531 1282 1560 p

171 1584 205 1646 in
233 1584 377 1666 margine
401 1605 511 1648 vocem
536 1581 718 1667 ἀρξάμενος
741 1579 780 1668 (Ι,
800 1584 830 1667 2,
848 1581 925 1669 blo),
955 1606 1036 1667 quae
1060 1584 1180 1649 omissa

170 1690 287 1770 fuerat,
321 1712 359 1754 ex
386 1689 475 1754 fonte
507 1691 579 1774 ipso
608 1690 762 1773 reposuit.
812 1689 920 1756 Antea
951 1691 1038 1755 tituli
1072 1692 1179 1775 quarti

171 1796 247 1860 libri
271 1801 304 1861 et
328 1797 530 1881 sequentium
553 1796 654 1861 minio
673 1796 769 1860 hodie
788 1797 922 1863 evanido
942 1821 961 1862 a
980 1797 1179 1863 rubricatore

172 1902 313 1987 quodam
337 1903 437 1968 additi
461 1904 603 1985 fuerant,
635 1904 718 1968 sicut
740 1903 774 1968 in
797 1903 913 1975 iisdem
936 1904 1028 1968 libris
1052 1905 1178 1987 proble-

172 2014 296 2075 matum
314 2011 425 2074 literae
444 2009 586 2074 initiales
606 2014 639 2073 et
663 2009 800 2095 numeri3
825 2033 922 2095 quum
942 2016 1049 2075 autem
1073 2033 1178 2076 exem·
1280 2067 1281 2076 ,

169 2117 242 2201 plar
265 2119 296 2181 A
324 2139 390 2181 nou
414 2121 600 2200 sequeretur
623 2117 698 2199 iste,
726 2118 833 2200 plures
861 2138 984 2182 errores
1008 2119 1179 2203 commisit,
1280 2097 1281 2110 ἵ

171 2246 306 2308 quorum
330 2223 415 2287 haud
435 2222 604 2288 uniformis
625 2224 779 2288 eorrectio
798 2222 832 2286 iu
853 2223 1015 2289 codicibus
1037 2224 1177 2288 eiusdem

169 2331 282 2397 classis
301 2330 549 2414 discrepantiam
570 2330 688 2394 attulit.
718 2329 876 2394 Laborem
896 2353 915 2395 a
933 2331 1001 2396 fine·
1014 2331 1178 2415 inceptum
1279 2397 1280 2418 χ

169 2439 354 2503 rubricator
382 2435 608 2521 imperfectum
632 2437 776 2521 reliquit3
805 2458 881 2501 nam
904 2437 939 2500 in
962 2437 1066 2501 tribus
1095 2438 1176 2521 prio·

169 2544 260 2609 ribus
284 2544 378 2610 libris
402 2544 544 2608 initiales
568 2543 682 2608 literae
706 2547 887 2608 atramento
910 2548 1024 2627 postea
1048 2542 1176 2607 additae
1219 2579 1221 2586 >
1279 2539 1280 2574 l

170 2656 248 2716 sunt
276 2655 308 2715 et
339 2651 577 2734 problematum
603 2651 743 2733 numeri,
776 2650 831 2733 qui
864 2650 898 2713 in
926 2649 1033 2714 codice
1060 2650 1092 2714 A
1125 2649 1177 2713 de-

170 2760 272 2840 erant,
296 2757 427 2821 omnino
452 2757 579 2822 absunt.

235 2872 265 2936 3.
299 2872 484 2937 Vaticanum
507 2892 652 2954 praecum
674 2876 738 2937 304
768 2894 806 2935 ex
832 2871 864 2949 V,
896 2893 962 2936 non
990 2893 1028 2936 ex
1052 2873 1097 2955 A,
1124 2871 1177 2934 de·
1278 2871 1279 2956 ᾗ

168 2978 324 3063 scriptum
347 2978 447 3042 fuisse
471 2978 669 3043 scholiorum
692 2979 824 3043 collatio
843 2978 1002 3062 imprimis
1026 2978 1106 3042 mihi
1125 2978 1174 3042 de·
1278 2959 1279 2985 ¹

168 3086 376 3151 monstravit:
409 3085 587 3149 notandum
618 3088 667 3148 est
695 3085 826 3169 insuper
855 3106 967 3150 vocem
995 3082 1176 3169 ἀρξάμενος

168 3190 222 3279 (de
247 3213 311 3275 qua
338 3192 435 3275 paulo
460 3189 571 3276 supra)
597 3193 631 3256 in
654 3195 778 3256 textum
801 3195 963 3275 receptam
987 3191 1087 3256 fuisse
1112 3215 1175 3257 era-

169 3299 213 3363 sis
243 3298 452 3382 sequentibus
485 3299 587 3362 literis
617 3319 698 3383 quae
726 3299 814 3381 prius
841 3297 903 3361 hoc
934 3298 1005 3362 loco
1037 3300 1174 3382 scriptae

239 3529 264 3596 1)
279 3526 372 3582 Variis
385 3542 400 3581 e
413 3525 556 3580 codicibus
569 3528 653 3580 antea
668 3525 805 3595 separatis
822 3526 991 3580 Vconflatus
1002 3529 1052 3582 est.
1081 3525 1176 3580 Prisca

105 3653 109 3664 -
166 3617 266 3671 tabula
284 3619 378 3672 notat:
398 3614 562 3683 Διοφάντου
582 3614 766 3686 ἀριθμητική·
786 3614 927 3686 ἁρμονικὰ
946 3617 1080 3686 διάφορα.
