2570 3988
119 271 130 290 ⁹
152 197 195 261 10
354 193 587 250 DIOPHANTUS
606 193 965 272 PSEUDEPIGRAPHU&

217 359 328 423 Πάλιν
352 358 394 440 δὴ
418 360 513 422 ἔστω·
539 367 600 423 τοῦ
622 361 690 421 ΑΣ
711 355 940 439 διαιρεθέντος
963 351 1111 442 πρώτου
1126 358 1174 436 3⁰²¹

51 505 55 514 ·
151 469 198 544 είς
222 467 360 548 δεύτερα
384 463 447 547 ξξα,
472 459 520 529 ὧν
544 465 606 529 δύο
629 465 669 528 τά
687 467 756 545 ΑΡ,
782 453 861 546 ΡΨ,
887 463 945 528 έάν
969 461 1030 547 μὲν
1053 476 1176 550 πρῶτα

42 617 44 621 ,
65 573 70 584 '
134 571 205 641 ,ἐπὶ
224 573 372 658 δεύτερα,
397 563 471 636 οἷον
489 573 526 637 τὸ
547 569 606 644 ΞΑ
625 567 678 636 ἐπὶ
696 571 758 653 τὴν
781 574 848 634 ΨΑ
865 570 1017 636 τουτέστι
1034 581 1174 655 πρῶτον

150 681 270 744 λεπτὸν
293 681 330 744 ἓν
353 676 406 743 ἐπὶ
430 679 568 760 δεύτερα
591 678 665 760 δύο,
688 681 838 759 γίνονται
851 679 950 759 τρίτα
969 678 1071 742 λεπτδι
1092 679 1173 744 δύο·

123 789 190 852 ετδι
214 784 251 852 δέ
273 788 366 871 τρίτα
389 786 490 850 λεπτά
509 785 571 849 δύο
590 787 718 866 γίνεται
737 780 895 864 δευτέρου
915 782 1073 867 ἑξηκοστδι
1095 786 1172 868 δύο,

151 895 231 979 ὅπερ
256 894 297 976 δὴ
321 890 377 957 καὶ
400 891 529 974 ὁρᾶται·
554 893 623 956 ἔστι
643 891 706 974 γάρ
726 898 787 954 τοῦ
805 893 872 953 AX
891 891 988 966 ὄντος
1007 890 1173 976 δευτέρου
1261 946 1267 960 .

151 1001 196 1080 ξολ
216 1002 320 1086 [W]
346 999 407 1064 δύο
432 997 597 1081 ἑξηκοστά.
634 996 717 1062 άλλδι
741 997 782 1079 δὴ
805 994 868 1060 κάν
892 996 954 1062 δύο
979 1007 1096 1078 πρῶτα
1116 996 1173 1063 ἐπὶ

151 1108 213 1173 δύο
238 1107 375 1187 δεύτερα
398 1101 696 1180 πολλαπλασιάζοις
719 1099 805 1184 ἑξῆς,
836 1103 963 1184 γίνεται
990 1105 1086 1185 τρίτα
1112 1105 1172 1168 διά

150 1215 190 1279 τδι
213 1209 381 1299 εἰρημένα·
406 1212 437 1274 εί
459 1205 496 1273 δὲ
520 1208 657 1293 δεύτερα
681 1204 734 1271 έπὶ
758 1207 905 1292 δεύτερα,
929 1193 1085 1292 τέταρτα·
1110 1210 1172 1276 ἐὰν

111 1343 136 1380 10
150 1323 213 1406 γάρ
236 1321 276 1384 τά
295 1320 363 1400 ΑΡ,
387 1319 455 1380 ΡΨ
476 1315 614 1397 δεύτερα
637 1315 699 1378 δύο
722 1311 774 1378 ἐπὶ
792 1314 832 1378 τά
850 1319 928 1397 ΑΠ,
953 1319 1027 1384 ΠΗ
1046 1315 1174 1400 ὁμοίως

43 1507 46 1514 Ι
151 1426 213 1492 δύο
251 1425 388 1509 δεύτερα
424 1431 530 1487 ποιῶν
567 1419 872 1504 πολλαπλασιάσῃς,
910 1419 992 1499 ἕξεις
1028 1425 1078 1488 τὸ·
1106 1429 1177 1512 AT

149 1534 273 1616 χωρίον
304 1508 484 1613 γινόμενον
519 1534 646 1594 λεπτῶν
679 1513 703 1590 δ
730 1525 909 1612 τετάρτων·
942 1530 1072 1610 γίνεται
1104 1533 1172 1616 γάρ

74 1619 78 1630 ’
150 1637 272 1722 ὁμοίως
293 1636 457 1712 τοιούτων
479 1636 516 1700 τὸ
540 1638 607 1698 ΛΤ
624 1633 795 1718 τεσσάρων
819 1633 900 1697 οἵων
923 1635 960 1699 τὸ
984 1639 1052 1699 AX
1072 1639 1132 1724 ᾗ.

216 1735 507 1825 Σαφηνισθέντων
527 1742 569 1824 δὴ
583 1752 650 1805 τῶν
664 1743 1000 1824 πολλαπλασιασμῶν,
1018 1742 1173 1830 δεικτέον

110 1875 134 1920 15
150 1849 222 1934 ἑξῆς
244 1853 313 1924 πῶς
335 1872 370 1912 τε
394 1849 448 1913 δεῖ
466 1847 764 1926 πολλαπλασιάζειν
785 1845 840 1911 καὶ
858 1849 906 1912 έτι
924 1858 994 1924 πῶς
1013 1853 1173 1935 μερίζειν,
1215 1867 1220 1878 ·

149 1967 282 2042 πρῶτον
301 1953 520 2040 ὁρισαμένους
542 1945 582 2020 τί
598 1954 680 2019 ἐστι
702 1956 903 2038 μερισμός·
918 1958 1087 2040 ,μερισμὸς
1105 1958 1173 2040 γάρ
1214 2033 1219 2042 ⁴

150 2063 240 2128 ἐστιν
267 2062 415 2148 ἀριθμοῦ
446 2085 539 2138 τινος
565 2063 646 2126 κατὰ
678 2059 793 2146 ἕτερον
826 2060 974 2147 ἀριθμὸν
1007 2048 1174 2147 διαίρεσις

49 2247 55 2260 ι
150 2171 197 2246 είς
229 2175 285 2234 ίσα
317 2191 351 2232 τε
382 2165 438 2233 καὶ
471 2170 637 2252 ίσοπλήθη
664 2155 740 2244 γταῖς
771 2175 833 2232 τοῦ
865 2167 1014 2253 άριθμοῦ
1046 2170 1173 2254 μονάσι

152 2273 399 2360 διαιρουμένου,
423 2280 488 2339 εἴτε
512 2275 659 2359 μονάδας
682 2272 736 2340 ἐπὶ
754 2267 902 2359 μονάδας
921 2278 1066 2360 μερίζειν
1086 2274 1173 2358 δέοι,

110 2407 138 2447 εο
153 2388 216 2448 εἴτε
235 2382 335 2447 λεπτά
354 2379 406 2446 έπλ
425 2381 536 2463 λεπτά,
556 2387 619 2446 είτε
639 2381 739 2446 λεπτά
757 2379 812 2446 καὶ
829 2381 977 2465 μονάδας
995 2379 1048 2447 ἐπὶ
1068 2385 1173 2448 λεπτά
1277 2375 1280 2385 ’

132 2471 205 2554 Ικαὶ
228 2488 383 2572 μονάδας.
1019 2503 1024 2514 ·

217 2593 358 2678 Λέγεται
382 2591 419 2658 δὲ
441 2591 497 2658 καὶ
521 2595 628 2670 άλλως
650 2596 842 2678 μερίζεσθαι
864 2591 1018 2678 ἀριθμός,
1035 2594 1173 2662 ’ὁπόταν

152 2704 318 2786 διαιρῆται
345 2703 392 2779 είς
422 2702 521 2766 άνισα
554 2700 739 2782 ὁποσαοῦν,
773 2699 883 2774 ἁπλῶς
913 2702 976 2786 γάρ
1009 2703 1099 2784 παρά
1133 2705 1173 2769 τὸ

28 2791 31 2796 ¹
152 2810 400 2895 διαμερίζεσθαι
427 2810 488 2892 τὴν
516 2817 577 2872 τοῦ
607 2806 756 2889 ἀριθμοῦ
789 2806 966 2871 σύνθεσιν·
998 2804 1070 2873 ἀλλ’
1102 2809 1173 2876 ἐπι-

48 2897 52 2906 ’
110 2935 137 2975 ει
152 2917 272 3000 στῆσαί
292 2915 382 2981 ἐστιν
406 2915 457 2980 ὅτι
479 2915 560 2979 άλλο
575 2935 615 2982 Ιτι
637 2912 766 2979 ποιεῖὸ
791 2905 949 2996 μερισμὸς
973 2909 1083 2991 οὗτος·
1115 2917 1172 2983 διὸ

150 3019 206 3086 καὶ
235 3023 269 3087 οί
294 3019 412 3087 πολλοὶ
440 3026 567 3106 μᾶλλον
594 3021 632 3085 τὸ
660 3028 791 3084 τοιοῦτο
823 3020 987 3104 διαίρεσιν
1019 3020 1204 3106 ἀριθμοῦ·

150 3133 322 3210 καλοῦσιν,
346 3125 457 3193 οὐκέτι
480 3123 518 3192 δὲ
540 3129 716 3211 μερισμόν·
740 3124 758 3189 ὁ
780 3125 845 3209 γάρ
868 3128 991 3207 κυρίως
1009 3130 1173 3212 μερισμὸς

116 3295 119 3298 .
150 3231 348 3332 τεταγμένος
371 3233 453 3298 έστί·
476 3235 559 3299 κατὰ
582 3233 645 3317 γάρ
668 3231 730 3316 τὴν
749 3231 853 3314 αὐτὴν
871 3229 964 3309 τάξιν
982 3238 1171 3319 τῷπολλα-

224 3433 238 3482 λ
267 3440 329 3498 γχθυ
346 3427 470 3497 glossam
486 3424 587 3483 delevi.
624 3424 776 3491 9δεάτερα
787 3421 850 3493 εδδ]
866 3421 957 3494 WB,
970 3422 993 3493 β’
997 3423 1020 3514 ρ’
1036 3424 1089 3479 δύο
1100 3427 1133 3480 A.
1193 3435 1198 3448 ·

152 3502 184 3550 11
204 3482 269 3571 AT]
289 3505 324 3556 αῖ
342 3501 398 3556 AB.
455 3505 488 3554 13
507 3497 642 3555 τοιούτων
661 3495 704 3566 τὸ]
724 3503 781 3558 τοῖς
798 3493 854 3548 ΑΒ.
893 3493 971 3564 οἴων]
993 3497 1097 3564 ομοίων
1113 3497 1171 3555 ΑΒ.

188 3576 221 3624 23
241 3573 399 3645 διαιρεῖταιΙ
411 3573 466 3628 ΑΒ.
522 3576 555 3625 25
575 3568 630 3639 ὅτι]
650 3567 718 3622 ὅταν
736 3565 768 3622 Β.
