2578 3984
276 205 324 260 DE
343 203 555 260 DIOPHANTO
575 201 799 260 TESTIMONIA
816 202 1002 259 VETERUM.
1107 201 1148 266 67

199 370 382 453 Σχόλιον.
417 367 462 432 Οί
476 376 564 452 τρεῖς
583 367 656 453 ὅροι
675 375 720 456 τῷ
740 365 875 452 μεγέθει
888 367 971 450 πρὸς
985 365 1150 449 ἀλλήλους

73 543 78 552 ,
132 472 219 540 εἰσὶν
243 475 287 551 ώς
309 477 338 542 ξ.
357 498 386 557 γ.
401 460 437 558 β,
462 474 547 559 ὁμοῦ
569 477 695 558 γίνεται
717 476 761 539 ὦ.
798 475 830 539 εἰ
852 468 914 538 οὖν
938 473 956 539 6
975 470 1110 557 μεγέθει
1128 474 1149 540 ξ

131 581 168 647 ἐν
192 581 294 666 ώραις
316 566 340 668 β
360 587 492 667 πληροῖ,
517 581 535 647 6
558 585 593 646 ῖα
616 580 760 666 μεγέθει,
785 579 844 646 ἐὰν
863 579 1030 662 ἀνώλογον
1052 577 1149 662 γένη-

129 712 194 769 ται,
218 688 387 773 πληρώσει
409 689 469 753 τὸν
487 697 634 772 κρατῆρα
653 687 689 753 ἐν
709 689 779 774 ώρμ
798 684 892 752 αια’.
925 686 943 752 6
963 687 1025 769 γὰρ
1045 685 1110 751 ὑπὸ
1127 690 1148 769 β

129 793 185 859 καὶ
216 797 237 863 ξ
271 801 342 871 ῖσος
373 793 442 861 ἐστὶ
475 803 520 883 τῷ
553 794 617 859 ὑπὸ
649 798 686 859 ἦ
717 791 816 879 <καλ>
846 791 945 877 ᾶιιέ,
977 793 1061 858 ὥστε
1092 791 1147 858 καὶ
1175 814 1188 854 5

130 901 322 984 ἀνάλογον.
346 905 378 968 εἰ
400 897 462 968 οὖν
482 903 638 988 διαιρεθῇ
657 903 677 986 ἡ
698 901 858 986 δεξαμένη
878 902 925 977 εἰς
943 898 1025 985 μέρη
1045 902 1148 984 λόγου

130 1008 231 1092 χάριν
245 1011 291 1092 ρῐ,
306 1010 473 1094 πληρώσει
488 1008 505 1074 6
521 1005 581 1094 μὲν
597 1007 702 1086 δεξιὸς
716 1008 798 1092 μέρη
814 1009 841 1091 ξ,
856 1004 922 1074 ὁδε
937 1007 1108 1092 εὐώνυμος
1118 992 1147 1091 λ,

128 1114 146 1180 6
173 1110 211 1179 δέ
233 1113 333 1198 μέσος
355 1118 382 1180 ιἰ.

590 1221 685 1305 <ιιθ>.

177 1349 423 1431 Πλινθουργοί,
446 1347 534 1430 μώλα
556 1355 676 1411 τοῦτον
700 1345 871 1430 ἐπείγομαι
894 1341 989 1410 οἷκον
1012 1345 1146 1430 ἐγεῖραι,
1163 1368 1188 1406 ιο

173 1447 262 1537 ἦμαρ
287 1447 318 1515 θ’
344 1450 531 1537 ἀννέφελον
554 1454 631 1518 τόδε
656 1455 816 1538 σήμερον·
841 1446 915 1517 οὐδ’
941 1454 989 1517 ἔτι
1014 1457 1148 1518 πολλῶν

173 1561 306 1644 χρηίζω,
333 1569 444 1625 πᾶσαν
469 1556 505 1624 δέ
527 1562 736 1645 τριηκοσίησι
760 1557 905 1625 δέουσαν

174 1661 323 1730 πλίνθον
341 1667 418 1751 ἔχω·
438 1669 480 1732 σὺ
500 1663 537 1731 δέ
556 1675 682 1749 μοῦνος
698 1664 735 1731 ἐν
748 1667 848 1750 ἤματι
866 1668 989 1731 τόσσον
1009 1667 1148 1750 έτευγες,

175 1782 253 1848 παῖς
277 1771 317 1837 δέ
336 1795 388 1839 τοι
411 1772 448 1838 έκ
470 1773 629 1857 καμώτοιο
654 1774 839 1856 θιηιιοσίαις
862 1771 1036 1856 ἀπέληγεν,

177 1880 325 1963 γαμβρὸς
349 1873 380 1943 θ’
406 1874 449 1944 αὖ
471 1882 611 1966 τόσσησι
633 1877 688 1945 καλ
711 1878 811 1945 εἰσέτι
833 1882 1047 1964 πεντήκοντα.
1163 1901 1188 1941 15

173 1996 325 2071 τρισσαῖς
348 1988 518 2067 συζυγίαις
541 1988 681 2063 πόσσαις
703 1988 779 2052 τόδε
798 1986 946 2071 τεύχεται
970 1985 1086 2070 ώραις;

195 2111 377 2194 Σχόλιον.
398 2103 487 2175 Ἐπεὶ
503 2111 537 2175 οῖ
548 2121 636 2195 τρεῖς
651 2111 724 2196 ὅροι
738 2110 776 2177 έν
792 2110 976 2195 ἐλαχίστοις
990 2109 1148 2195 ἀριθμοῖς

125 2215 339 2303 εὑρίσκονται
364 2218 447 2302 πρὸς
474 2217 643 2301 ἀλλήλους
670 2219 772 2300 λόγον
800 2221 931 2303 ἔχοντες
957 2217 1002 2293 ώς
1024 2219 1052 2285 ξ.
1070 2225 1097 2280 ῑ.
1115 2202 1148 2301 θ,

73 2321 79 2330 ’
125 2321 213 2407 ὁμοῦ
236 2326 363 2406 γίνεται
385 2327 434 2409 iz,
457 2326 544 2389 ώστε
566 2336 634 2389 τῶν
656 2335 759 2410 τριῶν
783 2325 849 2409 ἅμα
872 2326 910 2391 τὸ
934 2327 1034 2408 έργον
1057 2319 1148 2387 ἐστὶν

126 2454 171 2513 ιε,
202 2427 257 2495 καὶ
281 2431 436 2514 δηλονότι
459 2431 659 2518 τριπλασιόν
682 2431 752 2497 έστι
779 2441 840 2497 τοῦ
868 2429 1073 2514 δευτέρου
1055 2453 1147 2512 ορου
1162 2454 1188 2493 ιο

197 2534 318 2618 [”Αλλο.
344 2541 393 2621 β0
393 2542 475 2620 ...]
494 2556 567 2604 ,σν
590 2539 756 2624 εἰργάζετο
790 2539 846 2604 δια
877 2548 944 2602 τῶν
973 2540 1006 2620 ιβ
1037 2536 1147 2619 ὡρῶν

129 2642 265 2729 ῒαραέ
265 2667 284 2708 ιι
306 2655 373 2708 τῶν
396 2655 498 2730 τριῶν
522 2645 588 2773 ἅμα
607 2642 709 2711 ἐπὶ
679 2668 717 2710 το
737 2645 818 2710 αὐτὸ
837 2644 936 2730 έργαζ
936 2667 1004 2708 εται
1023 2653 1094 2717 ταῖς
1113 2646 1148 2726 ιβ

129 2751 232 2835 ώραις
258 2752 424 2827 πλίνθους
451 2762 510 2830 ιγν·
544 2753 602 2817 ε’ὰν
631 2747 693 2817 οὖν
721 2754 913 2849 ποιήσωμεν
940 2750 985 2826 ώς
1013 2749 1072 2814 τὸν
1099 2762 1147 2827 τγν

125 2857 257 2941 πρὸς
226 2879 286 2922 τον
304 2883 333 2940 τ,
353 2858 459 2935 οὕτως
478 2859 565 2945 ώρας
580 2845 619 2942 ιβ
637 2858 761 2943 πρὸς”’
738 2881 827 2943 ώρας
847 2843 956 2933 δῖ’
928 2881 943 2922 ε
977 2881 1014 2939 ι,
1033 2856 1146 2920 λύεται

124 2965 163 3029 τὸ
187 2965 372 3048 πρόβλημα.
410 2963 583 3050 ἐργάσεται
609 2966 672 3050 γαρ
697 2960 778 3048 ὁμὲ
780 2988 800 3028 ν
818 2964 991 3048 πατὴρ
950 2988 990 3045 ρκ
1008 2962 1091 3027 κατὰ
1109 2963 1145 3028 τὸ
1161 2984 1187 3026 25

125 3069 293 3154 ἀνάλογον
318 3070 486 3153 δηλονότι·
515 3071 533 3137 6
559 3068 595 3136 δέ
618 3071 741 3148 υίὸς
716 3095 755 3154 π,
782 3070 982 3156 ὑφημιόλιος
1011 3068 1059 3133 ών
1085 3077 1146 3134 τοῦ

123 3179 260 3262 πατρός·
285 3176 303 3242 6
328 3173 365 3242 θλ
388 3179 536 3262 γαμβρὸς
559 3180 590 3262 ρ,
616 3176 824 3263 έπιτέταρτος
847 3177 895 3242 ών
913 3184 974 3242 τοῦ
992 3176 1070 3240 υλοῦ
1091 3171 1146 3239 καὶ

123 3285 370 3368 ὑπεπῖπεμπτος
392 3293 453 3350 τοῦ
479 3287 609 3369 πατρός.

198 3443 314 3514 ῖμέρη]
334 3439 470 3533 μέτραΡ.
526 3441 612 3512 9Ερ.
627 3442 701 3511 XIV,
717 3447 776 3497 136
832 3447 864 3495 11
885 3440 978 3511 ἀννέφ
981 3440 1107 3497 ελλονΡ.

125 3519 159 3570 16
177 3512 326 3576 πόσαιςΡ.
395 3518 427 3567 21
443 3510 591 3586 ”Aumow
610 3485 741 3569 lacunam
760 3513 832 3570 falso
851 3512 969 3584 implere
988 3511 1109 3568 videtur.

9 3631 10 3636 ,
125 3589 159 3640 28
180 3581 352 3654 έπίπεμπτος
370 3584 400 3640 Ρ.

946 3675 982 3726 5¹1⁸
