2570 3988
461 223 738 275 PROLEGOMENA.
1018 221 1106 274 XLIII
1119 229 1122 235 '

85 383 143 448 sed
168 383 309 448 secunda
332 406 430 448 manu
454 382 575 466 (vetere
599 379 722 470 tumen)
746 384 837 448 cuius
863 384 1032 469 proprium
1056 385 1101 448 vi·

85 490 195 576 detur3
222 490 302 555 illud
330 491 415 576 elegi
439 496 475 555 ut
500 496 685 575 suspectam
709 513 821 556 vocem
846 493 923 575 ἔχον
946 494 1103 575 tanquam

85 619 125 663 ex
153 597 344 681 compendio
374 599 458 663 male
487 597 593 662 soluto
624 603 729 663 ortam
754 596 809 682 (cf.
831 599 886 680 74,
906 595 941 684 6)
972 621 988 662 e
1012 601 1103 662 textu

85 705 249 788 eiicerem3
281 704 337 769 sed
364 705 487 768 nemini
514 705 624 770 fucum
652 704 757 768 facere
786 705 883 769 velim
908 709 940 768 et
963 706 1103 789 figuram

85 810 173 876 forte
196 812 407 876 recentiorem
431 817 469 876 ut
493 833 565 875 vere
590 812 756 894 antiquam
781 811 955 878 venditare.

154 934 237 999 Item
268 935 397 1020 signum
425 932 456 1010 ι’
479 956 538 1018 pro
568 902 605 1038 -Ξ-
628 936 739 1000 melius
764 935 942 1020 Diophanti
972 937 1100 1000 saeculo

86 1060 260 1126 convenire
284 1059 416 1144 credidi3
445 1061 478 1124 in
506 1060 614 1125 codice
630 1061 672 1156 A
699 1061 805 1124 forma
832 1058 901 1123 fere
930 1059 1010 1124 haec
1039 1064 1102 1126 est:

90 1191 193 1250 Q,
221 1166 274 1230 sed
300 1170 456 1250 punctum
480 1189 574 1251 saepe
599 1168 701 1231 abest.

925 1259 950 1393 Ξ,

87 1420 216 1480 tantum
240 1415 325 1498 apud
346 1413 572 1499 Diophantum
595 1415 746 1492 inveniri;
771 1416 941 1500 vulgatam
963 1415 1103 1500 figuram

87 1527 125 1586 ω’
149 1522 295 1606 adhibui,
327 1522 383 1586 sed
412 1522 511 1586 aliam
539 1522 633 1588 credo
663 1522 878 1606 antiquiorem
905 1523 1102 1608 archetypus

89 1629 271 1712 exhibebat,
294 1651 409 1713 nempe
427 1628 478 1718 t),
502 1651 600 1713 quam
620 1628 717 1694 didici
736 1651 775 1693 ex
797 1629 1029 1695 mathematico
1049 1652 1103 1714 pa·

90 1759 170 1820 pyro
194 1735 439 1819 Akhmimensi,
467 1759 486 1800 a
510 1735 594 1801 Iulio
617 1735 740 1800 Baillet
766 1757 878 1801 recens
907 1737 1003 1802 edito.
1051 1735 1104 1802 Sic

952 1254 966 1394 )
987 1297 1102 1375 quater

153 1291 219 1355 Vix
242 1290 354 1356 credas
378 1290 604 1375 compendium
629 1299 689 1355 τοῦ
718 1292 873 1374 διμοίρου
899 1253 924 1393 (-

91 1842 234 1927 intelligi
257 1847 366 1925 potest
387 1843 612 1927 compendium
637 1842 724 1926 quod
747 1865 786 1907 ex
805 1843 837 1907 A
861 1843 1104 1928 exprimendum

91 1949 202 2014 curavi
224 1949 334 2031 272,4
353 1946 454 2035 (certe
472 1949 559 2014 haud
578 1947 793 2036 intellectum)
814 1950 983 2014 confusum
1003 1950 1104 2015 fuisse

90 2079 163 2120 cum
187 2056 317 2140 signos
337 2057 412 2140 272,
426 2057 461 2139 5,
484 2079 557 2121 cum
577 2057 639 2121 δύο
659 2056 806 2140 274,13,
830 2078 903 2122 cum
922 2081 943 2122 α
962 2058 1103 2141 274,14.

90 2161 151 2228 Sed
176 2162 312 2245 320,18
337 2163 423 2247 quod
452 2163 525 2227 dedi
554 2185 593 2227 ex
617 2165 661 2247 A,
689 2163 777 2228 haud
805 2163 902 2228 dubie
930 2164 1104 2248 legendum

91 2254 180 2353 esti]
203 2265 237 2352 γ’
262 2266 314 2355 (ut
336 2268 387 2350 Β)
416 2269 539 2334 scilicet
564 2269 626 2334 δύο
650 2271 760 2353 τρίτα,
787 2292 864 2334 nam
892 2270 927 2334 in
950 2271 982 2335 A
1008 2271 1104 2335 litera

90 2380 111 2460 β
134 2377 196 2441 sub
219 2376 333 2461 figuris
356 2375 390 2440 B
414 2380 447 2440 et
470 2395 489 2437 u
513 2376 640 2460 depicta
664 2381 721 2440 est.

157 2483 251 2560 Quod
280 2488 390 2548 autem
418 2483 454 2547 in
480 2482 681 2568 praefatione
708 2484 825 2566 prioris
854 2484 1027 2549 voluminis
1050 2507 1103 2549 ne·

91 2591 235 2674 gendum
259 2590 471 2670 credideram,
500 2593 576 2674 post
600 2589 749 2673 analysin
773 2594 805 2653 et
830 2590 863 2653 in
888 2591 1104 2655 solutionibus

91 2698 259 2782 vulgarem
287 2718 382 2761 usum
411 2718 478 2761 non
504 2696 644 2780 amplius
668 2695 761 2780 sequi
784 2696 914 2760 videtur
936 2695 1103 2780 Diophan-

90 2809 157 2888 tus,
190 2804 246 2869 sed
276 2805 436 2868 unitatem
464 2828 485 2869 α
512 2809 666 2888 tanquam
699 2806 941 2868 numeratorem
973 2824 1104 2886 ponere,

91 2899 187 2994 supra
219 2907 327 2997 eaml)
361 2912 480 2994 scripto
515 2911 772 2992 denominatore3
806 2911 891 2994 quod
922 2910 1104 2993 exemplum

91 3017 280 3082 scholiastes
310 3016 532 3104 Anthologiae
564 3016 830 3103 (Metrodorusll
863 3017 1010 3082 imitatus
1045 3022 1105 3101 est,

91 3130 127 3188 ut
149 3125 234 3189 infra
257 3125 365 3189 videre
389 3128 439 3188 est
461 3147 491 3208 p.
511 3125 563 3209 62,
584 3125 635 3190 13.

156 3231 287 3295 Etenim
321 3232 349 3296 si
381 3231 562 3315 perpendas
591 3233 623 3294 in
651 3231 684 3295 A
716 3237 749 3295 et
779 3231 824 3316 B,
858 3253 917 3314 pro
946 3231 1104 3296 fractione

92 3338 281 3420 simpliciter
300 3347 322 3401 ᾶ
342 3338 499 3421 scriptum
522 3337 621 3403 fuisse
639 3336 665 3420 I,
688 3338 833 3422 140,17;
859 3339 932 3423 142,
951 3339 1006 3422 22;
1033 3339 1105 3423 194,

164 3518 190 3582 1)
210 3513 290 3578 Quod
309 3513 385 3566 rdem
403 3512 481 3566 valet
499 3529 532 3566 ac
552 3512 576 3566 ei
599 3514 665 3581 post
682 3515 888 3574 numeratorem
908 3511 1103 3566 denominatur

93 3602 213 3672 scriptus
233 3604 315 3656 esset.
353 3601 392 3657 of.
413 3617 479 3670 ergo
498 3600 572 3654 infra
592 3606 665 3668 67,5
686 3611 703 3654 a
724 3601 774 3655 ια’.
