2578 3984
197 181 238 244 76
338 181 386 235 DE
404 180 617 236 DIOPHANTO
636 177 862 234 TESTIMONIA
879 178 1064 234 VETERUM.

196 346 250 410 δελ
270 341 308 409 δέ
330 353 501 429 πανταχοῦ
523 348 744 429 προηγεῖσθαι
765 351 827 406 τοῦ
851 341 1001 425 σώματος
1018 343 1056 406 τὸ
1076 340 1222 426 ἀσώμα-

194 471 269 516 τον·
301 451 353 517 ὅτι
386 449 423 517 δὲ
455 451 628 534 ἀσώματος
655 449 673 514 6
701 449 844 533 ἀριθμὸς
877 450 997 533 δῆλον·
1030 447 1145 533 ἐπειδὴ
1173 450 1221 514 ἓν

195 556 337 642 μέγεθος
356 559 374 624 6
395 558 464 623 ἐστι
487 568 592 642 σῶμα,
614 558 652 622 τὸ
676 556 757 622 αὐτὸ
781 557 990 640 τετράγωνον
1010 554 1065 620 καὶ
1088 558 1221 633 κύκλος

195 659 281 729 εἶναι
314 664 355 729 οὐ
388 665 539 729 δύναται·
573 663 591 729 6
620 660 658 728 δὲ
685 662 843 748 ἀριθμός,
877 662 928 727 ὅτι
960 662 1134 748 ἀσώματος
1163 664 1218 728 ὢν

168 772 349 837 εδύναται·
373 768 428 834 καί
450 772 514 854 γὰρ
537 770 555 835 6
578 775 616 834 κε
639 769 782 853 ἀριθμὸς
804 766 860 834 καὶ
881 769 1088 853 τετράγωνός
1107 769 1214 852 ἐστιν,

189 879 246 944 ,ὅτι
269 877 333 943 ἀπὸ
362 885 423 942 τοῦ
443 887 462 941 ε
484 874 856 953 πολλαπλασιασθέντος
882 870 934 961 ἐφ’
952 875 1072 942 ἑαυτὸν
1097 875 1215 941 ἀπετε-

194 983 316 1068 λέσθη,
344 986 464 1060 κύκλος
492 981 544 1065 δέ,
574 983 624 1048 ὅτι
652 981 716 1048 ἀπὸ
744 991 805 1048 τοῦ
832 982 936 1047 αὐτοῦ
963 991 1024 1047 τοῦ
1046 991 1065 1047 ἓ
1086 983 1212 1067 ἤρξατο

193 1090 249 1157 καὶ
272 1094 320 1168 είς
342 1093 379 1157 τὸ
403 1090 485 1155 αὐτὸ
509 1087 637 1173 ἔληξεν·
664 1090 748 1154 ὥστε
771 1089 944 1172 ἀσώματος
962 1088 980 1153 6
1000 1087 1156 1173 ἀριθμός,
1181 1095 1220 1154 εί

192 1223 231 1282 γε
254 1199 272 1264 6
298 1198 397 1275 αὐτὸς
419 1195 473 1262 καὶ
496 1197 617 1274 κύκλος
639 1200 767 1280 γίνεται
790 1193 846 1261 καὶ
868 1195 1083 1280 τετράγωνος.

154 1332 180 1372 10
264 1305 333 1387 Τὴν
352 1300 413 1389 μέν
433 1298 495 1368 οὖν
517 1302 740 1388 ἀριθμητικὴν
762 1300 929 1388 προτέραν
953 1303 1007 1367 δεῖ
1027 1303 1083 1366 διδ
1105 1311 1212 1368 ταῦτα

193 1410 361 1495 τετάχθαι,
385 1411 446 1494 την
465 1405 502 1475 δὲ
521 1411 686 1494 μουσικὴν
704 1416 926 1495 προηγεῖσθαι
946 1410 1000 1473 δεῖ
1014 1418 1072 1493 της
1091 1408 1212 1495 ἀστρο-

193 1521 323 1602 νομίας·
358 1518 408 1583 ότι
441 1519 652 1602 δειχθήσεται
683 1524 729 1603 τῷ
753 1518 899 1603 Μεγάλῳ
925 1512 1135 1606 Ἀστρονόμςο
1169 1519 1212 1582 τδι

194 1625 298 1709 ἀστρα
317 1621 611 1707 ἀποκαθιστάμενα
633 1624 802 1708 περιόδοις
822 1621 890 1687 τισὶ
908 1625 1040 1708 χρόνον
1057 1623 1212 1709 τεταγμέ-

193 1754 268 1807 ναις
290 1732 370 1814 μετδι
394 1730 529 1815 ῥυθμοῦ
552 1755 644 1806 τινος
665 1727 720 1795 καὶ
743 1729 912 1815 ἁρμονίας.

154 1865 179 1907 15
253 1835 379 1914 ’Ἁλλιυς
405 1859 441 1900 τε
464 1838 496 1900 εί
517 1836 535 1901 6
559 1837 695 1921 ἀσχετος
722 1835 882 1922 ἀριθμός,
910 1837 928 1902 ὅ
952 1835 1043 1902 ἐστιν
1065 1835 1086 1919 6
1111 1835 1212 1921 ἀριθ-

193 1943 327 2027 μητική,
354 1951 547 2025 προηγεῖται
575 1952 635 2009 τοῦ
663 1940 804 2028 ἀσχέτου
832 1941 1011 2026 μεγέθους,
1046 1935 1120 2009 οἷον
1152 1953 1213 2027 της

192 2051 401 2133 γεωμετρίας,
422 2050 525 2132 δῆλον
544 2048 595 2113 ὅτι
613 2047 669 2115 καὶ
687 2049 706 2114 6
725 2050 762 2115 έν
781 2049 890 2133 σχέσει
908 2048 1065 2134 ἀριθμός,
1084 2049 1212 2115 ὅέστιν

192 2155 212 2239 6
237 2157 395 2240 μουσική,
422 2150 589 2240 προηγεῑτ’
616 2154 658 2220 ἀν
685 2166 747 2221 τοῦ
774 2154 811 2221 έν
839 2154 949 2240 σχέσει
976 2155 1156 2240 μεγέθους,
1190 2157 1210 2222 ὅ

193 2262 262 2328 ἐστι
284 2271 342 2345 τῆς
365 2262 585 2347 ἀστρονομίας
607 2263 690 2347 αὕτη
714 2263 735 2347 6
759 2263 856 2342 τάξις.

152 2399 179 2438 εο
259 2372 326 2434 Δεῖ
352 2365 389 2434 δὲ
417 2371 454 2435 τὸ
485 2372 618 2454 βιβλίον
645 2379 745 2436 τοῦτο
773 2379 1031 2452 προαναγνῶναι
1058 2370 1114 2436 ἅτε
1142 2373 1212 2436 είσ-

192 2477 359 2560 αγωγικὸν
377 2477 428 2560 όν,
451 2481 625 2560 πεποίηται
647 2478 710 2562 γδρ
734 2485 779 2564 τῷ
795 2476 977 2563 Νικομάχῳ
997 2475 1090 2562 ἑτέρα
1109 2476 1211 2562 ἀριθ-

192 2586 322 2666 μητικη,
345 2582 389 2666 ἣν
411 2583 574 2667 Μεγάλην
593 2580 833 2668 Ἀριθμητικηυ
856 2585 931 2666 ἤτοι
951 2585 1209 2668 Θεολογούμενα

192 2689 383 2774 ἐπιγράφει,
411 2688 447 2755 ἐν
473 2680 495 2776 6
522 2688 684 2775 μέμνηται
711 2691 833 2755 τούτου
859 2700 921 2755 τοῦ
948 2692 1095 2774 βιβλίου·
1124 2690 1211 2757 ὅθεν

190 2794 246 2886 καὶ
269 2797 306 2862 τὸ
329 2798 471 2879 γνήσιον
493 2804 533 2881 τῇ
556 2795 646 2874 τάξει
670 2794 976 2862 συναποδέδεικται.

152 2931 178 2971 ει
259 2900 427 2988 Διῄρηται
451 2900 487 2968 δέ
514 2905 552 2968 τὸ
579 2904 689 2987 παρὸν
717 2904 916 2988 σύγγραμμα
944 2904 992 2979 είς
1024 2888 1047 2986 β
1077 2906 1211 2988 βιβλία·
1275 2895 1277 2914 ³

192 3007 248 3073 καί
279 3008 316 3073 έν
344 3005 405 3093 μέν
432 3011 478 3098 τῷ
514 3022 554 3073 αφ
590 3011 652 3093 τὴν
680 3012 845 3094 διαίρεσιν
872 3021 940 3075 τῶν
968 3009 1123 3095 ἀριθμῶν
1152 3009 1210 3076 καὶ

192 3116 254 3199 την
282 3115 402 3180 οὐσίαν
425 3115 614 3181 αὐτῶνκαὶ
643 3117 701 3193 τὰς
729 3113 871 3201 σχέσεις,
901 3116 936 3181 έν
961 3113 998 3182 δὲ
1025 3118 1071 3204 τῷ
1099 3120 1140 3201 βθ
1167 3119 1210 3181 τά

193 3224 340 3307 σχήματα
368 3220 424 3288 καὶ
452 3224 511 3301 τάς
542 3222 722 3306 ἀναλογίας
753 3224 998 3306 παραδίδωσιν·
1030 3224 1136 3300 εὐθὺς
1168 3219 1207 3288 δέ

192 3338 250 3413 τῆς
272 3331 495 3415 πραγματείας
518 3328 701 3415 ἀρχόμενος
719 3328 737 3394 6
757 3331 949 3413 Νικόμαχος
973 3330 1144 3394 δείκνυσιν
1162 3329 1210 3406 ὡς

152 3463 178 3504 ιο
192 3438 274 3502 ἀνευ
292 3445 349 3520 τῆς
368 3443 599 3520 μαθηματικῆς
617 3436 797 3520 ἐπιστήμης
818 3435 880 3500 οὐκ
906 3439 976 3501 ἔστι
993 3441 1207 3520 φιλοσοφεῖν,
1262 3429 1264 3440 ’

192 3540 272 3610 οὐδὲ
295 3544 526 3628 εὐδαιμονεῖν,
553 3541 608 3607 καί
632 3545 907 3627 συλλογιζόμενος
931 3535 1019 3626 οἷον,
1045 3546 1141 3628 φησί·
1169 3546 1207 3610 τὸ
