2578 3984
11 3505 13 3603 ι

12 3603 14 3743 λ

162 213 225 279 108
400 209 651 269 PACHYMERAE
670 209 930 265 PARAPHRASIS.

159 380 335 461 ντίθημι·
363 375 418 443 καὶ
447 372 690 460 ἀφαιρεθέντος
718 373 821 437 αὐτοῦ
850 371 886 437 ἐκ
913 383 973 439 τοῦ
996 374 1033 458 ν,
1065 372 1181 439 ἐναπε-

159 486 283 568 λείφθη
308 483 326 548 6
348 469 410 548 κθ·
435 477 506 548 ἀλλ’
533 478 605 547 οὐδ’
634 476 732 556 οὗτος
755 481 821 564 ἔχει
845 489 888 544 εον
915 477 970 544 καὶ
997 480 1053 544 διὰ
1080 489 1180 546 τοῦτο

159 591 423 689 προσεπιβιβάζω
448 591 507 654 τὸν
530 587 687 673 τέταρτον
711 585 933 651 ἑπταπλάσιον
955 587 1015 651 τὸν
1032 590 1076 670 κη
1098 588 1181 684 τερ-ὸς
1278 653 1279 680 ,

159 698 219 762 τὸν
238 699 258 761 δ
276 695 330 762 καὶ
350 695 576 781 ἐναπελείφθη
596 695 632 761 ἐκ
650 702 711 758 τοῦ
731 691 893 770 δοθέντος
912 691 1061 777 ἀριθμοῦ
1075 697 1107 778 ν,
1122 697 1179 776 κβ·

133 801 231 868 πάλλ’
267 801 340 869 οὐδ’
376 799 474 880 οὗτος
508 806 573 888 ἔχει
607 812 662 867 εον·
694 800 905 886 προσβιβάζω
938 800 997 864 τὸν
1029 798 1179 884 πέμπτον

159 908 385 975 έπταπλάσιον
407 912 468 975 τὸν
491 915 527 974 λε
555 909 638 992 πρὸς
660 908 720 972 τὸν
743 917 773 972 ε·
803 906 1096 990 έναπελείφθησαν
1124 905 1178 972 καὶ
1279 949 1280 954 1

159 1020 189 1082 ιε
212 1016 248 1082 ἐκ
271 1026 331 1082 τοῦ
354 1020 389 1083 ν·
418 1011 516 1093 οὗτος
543 1018 608 1101 ἔχει
632 1024 675 1079 εον
702 1014 763 1078 τὸν
785 1016 807 1096 μ
834 1011 889 1078 καὶ
918 1015 1099 1094 διαιρεῖταί
1122 1038 1178 1099 μοι

159 1123 293 1202 δνείς
319 1109 356 1189 λε
383 1120 437 1188 καὶ
462 1126 506 1205 ιἐ,
533 1121 589 1188 καὶ
616 1123 654 1186 τὸ
679 1125 720 1200 ζον
748 1119 847 1205 με’ρος
874 1129 935 1185 τοῦ
963 1105 1014 1202 λ-ε,
1046 1119 1063 1184 6
1089 1119 1179 1186 ἐστιν

159 1230 228 1315 δε,
251 1227 437 1316 προστεθὲν
460 1238 505 1316 τῷ
528 1237 590 1294 τοῦ
612 1233 641 1293 ἴε
656 1239 702 1311 ελ),
727 1227 745 1292 6
769 1226 860 1292 ἐστιν
884 1226 901 1292 6
921 1242 952 1310 γ,
975 1227 1076 1310 τὸνη
1099 1244 1177 1292 συν-

119 1361 145 1400 10
158 1336 298 1402 τεθέντα
322 1334 537 1419 ἀπετέλεσαν,
567 1334 603 1412 ὃς
631 1334 781 1420 ἀρχῆθεν
809 1333 973 1418 ἐπετάχθη
1001 1335 1091 1420 παρὰ
1118 1345 1179 1401 τοῦ

159 1443 395 1519 ἐπιτάττοντος.

225 1547 291 1614 Καὶ
311 1547 364 1615 ἐπὶ
383 1558 484 1614 πᾶσιν
504 1547 521 1613 6
542 1547 641 1624 αὐτὸς
659 1550 794 1632 τρόπος·
819 1547 860 1612 οὐ
879 1549 945 1632 μὴν
965 1544 1002 1612 δὲ
1020 1549 1177 1626 πολλάκις

158 1658 271 1722 λύεται
295 1654 419 1743 καὶτῷ
444 1657 578 1737 κανόνι,
608 1657 639 1719 εί
660 1652 715 1720 καί
738 1654 802 1720 άπὸ
825 1663 886 1719 τοῦ
910 1657 1060 1739 μείζονος
1082 1655 1177 1741 άρξό-

158 1769 256 1848 μεθα.
298 1763 491 1828 ὑποκείσθω
524 1764 587 1847 γάρ
617 1762 634 1828 6
664 1759 778 1838 δοθεὶς
810 1761 954 1847 ἀριθμὸς
983 1761 998 1839 ξ
1026 1760 1082 1827 καὶ
1110 1761 1177 1828 ἐπι-

119 1893 144 1932 15
157 1870 307 1955 τετάχθω
346 1870 552 1950 διαιρεῖσθαι
588 1877 709 1934 τοῦτον
746 1870 794 1944 είς
830 1869 893 1933 δύο
931 1867 1099 1953 ἀριθμοὺς
1131 1865 1178 1935 ὧν

159 1974 322 2060 ἑκατέρων
345 1985 405 2041 τοῦ
429 1971 491 2060 μὲν
513 1977 550 2041 τὸ
574 1987 636 2060 σον,
663 1983 725 2041 τοῦ
748 1973 785 2040 δὲ
812 1976 850 2039 τὸ
874 1981 943 2058 6⁰⁹,
972 1975 1178 2041 συντεθέντα

158 2084 258 2167 άμφω
281 2084 342 2148 τὸν
366 2086 382 2161 ζ
404 2081 552 2167 ἀριθμὸν
575 2083 894 2166 συμπληροάτωσαν.
924 2080 1076 2165 γενέσθω
1095 2085 1178 2169 πρὸς

156 2190 219 2273 την
242 2190 372 2273 μονάδα
396 2189 457 2273 οὐχ
486 2188 504 2254 6
528 2188 671 2254 ἐλάττων
700 2188 844 2274 ἀριθμὸς
871 2189 953 2254 κατά
980 2190 1017 2254 τὸ
1046 2191 1178 2275 μόριον,

158 2290 230 2360 ἀλλ’
257 2296 274 2362 6
299 2299 429 2380 μείζων,
454 2296 490 2373 ὅς
514 2294 583 2360 ε’στι
605 2299 643 2362 τὸ
664 2306 719 2364 3⁰⁹.
756 2305 814 2380 τῆς
832 2295 978 2378 μονάδος
996 2306 1178 2381 τοιγαροῦν

118 2403 198 2467 εοτδι
229 2405 249 2472 ξ
282 2401 498 2482 ἑξαπλάσιον·
537 2401 781 2488 άφαιρεθέντος
814 2403 936 2468 τούτου
973 2402 1009 2468 ἐκ
1045 2413 1113 2468 τῶν
1149 2389 1177 2487 ξ,

158 2509 482 2594 ἐναπολιμπάνονται
506 2495 561 2575 νδ·
587 2514 746 2595 ζητοῦμεν
769 2507 824 2574 καλ
847 2511 969 2574 τούτου
988 2511 1025 2575 τὸ
1045 2516 1098 2575 6⁰⁷
1122 2511 1177 2576 καὶ

157 2616 262 2694 εὐθὺς
285 2617 478 2702 ἐμφαίνεται
503 2617 520 2683 6
545 2619 576 2686 ξ·
606 2625 626 2681 ᾶ
656 2613 692 2681 δὲ
719 2615 774 2682 καὶ
797 2602 873 2701 ζ’,ξ
901 2615 956 2681 καλ
984 2618 1112 2700 γίνεται
1139 2619 1177 2682 τὸ

158 2722 349 2808 ἐπιταχθέν·
370 2726 453 2789 ὥστε
472 2722 526 2788 καὶ
546 2724 652 2799 οὕτως
670 2723 832 2801 κάκείνως
850 2723 1009 2800 πολλάκις
1029 2723 1046 2788 6
1064 2725 1178 2790 κανὼν

157 2830 309 2916 σώζεται,
340 2830 403 2896 κάν
436 2830 541 2907 εὐθὺς
573 2830 766 2916 εὑρίσκηται
793 2832 829 2896 τὸ
859 2829 973 2917 μέρος,
1006 2829 1069 2895 κάν
1097 2833 1179 2915 μετὰ

117 2937 275 3001 ιεπολλά·
304 2935 358 3003 καὶ
383 2940 451 3002 ἔστι
474 2939 656 3014 καθολικὸς
684 2937 701 3004 6
726 2938 838 3003 κανὼν
867 2935 919 3002 ἐπὶ
946 2937 1082 3002 πάντων
1109 2948 1178 3002 τῶν

158 3043 323 3108 τοιοάτων
346 3045 590 3128 προβλημάτων
613 3039 712 3121 οὗτος
735 3044 982 3129 άμεταποίητος.

229 3147 302 3214 Ἵνα
332 3146 368 3215 δὲ
396 3149 451 3215 καὶ
480 3148 533 3216 ἐπὶ
557 3153 668 3217 άλλων
691 3152 914 3237 γυμνάσωμεν
937 3152 997 3216 τὸν
1019 3160 1176 3217 τοιοῦτον

159 3258 262 3339 λόγον
283 3267 352 3322 τῶν
375 3256 619 3344 έπιδεχομένων
642 3261 796 3336 πλείστας
818 3259 930 3342 τομάς,
957 3261 1041 3324 ἔστω
1066 3258 1084 3325 6
1108 3258 1175 3324 ἐπι-

228 3436 244 3483 3
263 3431 458 3505 προσεπιβάζω
480 3435 542 3489 cod.
625 3435 773 3489 τείσεται
796 3433 846 3489 καὶ
869 3433 982 3504 scripsi3
1010 3435 1175 3505 λυμαίνεται

156 3501 217 3556 οοδ.
292 3509 324 3557 19
344 3505 400 3576 5⁰⁷]
419 3505 451 3558 In
469 3522 525 3576 mg⁴
546 3505 677 3560 additum
695 3507 751 3561 est:
775 3506 806 3561 τὸ
831 3504 913 3561 ἕκτον
936 3507 1032 3576 μεῖζον
1056 3513 1106 3560 τοῦ
1130 3501 1175 3560 ἐν·

155 3589 243 3647 νάτον
262 3591 384 3648 κατὰτὸ
403 3593 511 3664 μόριον,
531 3591 593 3649 ἀλλ’
614 3594 628 3649 6
647 3583 738 3650 ’θτοῦ
754 3583 775 3654 ξ
794 3597 903 3666 μείζων.
