2570 3988
167 226 209 288 14
277 293 282 304 ¹
370 189 603 280 DIOPHANTUS
622 223 979 279 PSEUDEPIGRAPHUS.

165 397 266 452 ποιεί·
285 384 340 452 καὶ
359 390 451 479 τρίτα
469 389 558 473 παρὰ
576 397 690 472 πρῶτα
710 388 904 472 μεριζόμενα
922 397 1013 452 ποιεί
1027 387 1180 474 δεύτερα,

164 492 221 558 καὶ
243 479 371 576 πέμπτα
393 496 482 577 παρὰ
510 495 662 579 δεύτερα,
691 496 785 577 τρίτα
815 491 870 560 καὶ
899 493 980 577 έξῆς.
1021 498 1182 560 κοινωνία

166 595 228 666 οὖν
250 623 300 676 τις
322 597 378 664 καὶ
401 600 601 685 ἐναντιότης,
626 601 670 676 ὡς
693 606 829 683 εἴρηται,
852 605 1029 687 θεωρεῖται
1054 601 1090 666 ἐν
1112 613 1181 678 τοῖς

165 711 492 792 πολλαπλασιασμοίς
510 704 768 792 καὶμερισμοίς·
786 717 899 792 πρῶτα
918 709 981 791 γὰρ
1001 706 1054 773 έπλ
1068 719 1181 786 πρῶτα

138 817 515 898 ιπολλαπλασιαζόμενα
547 815 685 897 δεύτερα
717 825 819 896 ποιεῖ,
853 815 991 900 δεύτερα
1018 811 1060 880 ’δὲ
1076 893 1077 896 ¹
1092 816 1182 899 παρὰ

164 933 277 1007 πρῶτα
300 924 495 1007 μεριζόμενα
518 931 630 1004 πρῶτα
652 932 752 986 ποιεί·
785 918 841 986 καὶ
864 921 968 1006 Ιπόλιν
991 925 1105 1008 πρῶτα
1128 920 1182 986 ἐπὶ

166 1030 315 1113 δεύτερα,
333 1031 427 1112 τρίτα
440 1038 539 1112 ποιεῖ,
557 1025 612 1093 καὶ
630 1031 825 1114 μεριζόμενα
843 1038 946 1094 ταῦτα
960 1029 1049 1114 παρὰ
1067 1038 1182 1114 πρῶτα

164 1147 255 1201 ποιεῖ
275 1137 422 1222 δεύτερα.
459 1136 560 1200 πάλιν
583 1145 696 1221 πρῶτα
720 1133 771 1200 ἐπὶ
795 1138 899 1220 τρίτα,
922 1135 1059 1221 τέταρτα
1080 1146 1180 1218 ποιεῖ,

164 1241 218 1308 καὶ
242 1247 438 1328 μεριζόμενα
461 1243 606 1327 <ταῦτα>
629 1244 718 1334 παρὰ
740 1245 833 1327 τρίτα
856 1252 945 1306 ποιεῖ
967 1252 1096 1326 πρῶτα,
1123 1240 1182 1306 καὶ

125 1371 149 1410 ιο
164 1336 254 1442 ἑξῆς
261 1349 341 1434 ὁμοί
340 1374 392 1426 ως.
433 1347 487 1414 καὶ
511 1351 649 1435 δεύτερα
677 1347 731 1414 ἐπὶ
759 1350 897 1458 δεότερα
924 1359 1016 1414 ποιεί
1042 1330 1181 1433 τέταρία
1228 1411 1234 1422 ,

163 1454 218 1521 καὶ
242 1457 436 1540 μεριζόμενα
459 1457 547 1541 παρα
570 1457 610 1520 τα
634 1453 813 1541 δεύτερα
793 1457 833 1519 τα
857 1452 1014 1538 εἰρημένα
1042 1453 1180 1539 τέταρτα

163 1572 254 1662 ποιεί
274 1561 425 1647 δεύτερα·
457 1563 560 1648 δῆλον
584 1557 646 1627 οὖν
669 1561 761 1627 ὅτιὸ
785 1557 846 1645 μὲν
868 1561 1181 1645 πολλαπλασιασμὸς

162 1654 371 1752 παρωνύμως
393 1671 541 1750 γίνεται
543 1667 579 1733 έκ
598 1677 659 1732 τοῦ
678 1668 760 1732 κατα
779 1668 953 1747 σύνθεσιν,
977 1666 1021 1742 ὡς
1040 1672 1179 1752 εἴρηται·

164 1775 301 1859 δεύτερα
324 1775 442 1860 νόρ,ε
427 1777 588 1860 είτόχοι,
613 1773 665 1840 έπὶ
688 1778 796 1860 τρίτα,
827 1773 957 1858 πέμπτα
979 1785 1080 1856 ποιει,
1108 1771 1181 1838 ἐπεὶ

123 1879 218 1947 τεκαὶ
250 1886 271 1967 β
298 1882 353 1948 καὶ
381 1908 402 1966 ν
430 1880 655 1966 συντιθέμενα
682 1885 808 1964 γίνεται
839 1889 869 1945 ε·
902 1879 919 1945 ὁ
953 1876 990 1945 δὲ
1022 1883 1180 1965 μερισμὸς

162 1989 305 2054 κατὰτὸ
329 1989 483 2055 ἐναντίον
505 1989 627 2076 τούτῳ,
659 1987 694 2053 έκ
717 1997 777 2052 τοῦ
799 1988 882 2052 κατὰ
910 1987 1074 2072 διαίρεσιν
1101 1987 1179 2072 γάρ·

162 2094 290 2180 πέμπτα
322 2097 385 2179 γὰρ
413 2097 502 2179 παρὰ
529 2099 623 2182 τρίτα
651 2099 847 2180 μεριζόμενα
864 2098 1001 2178 Ιγίνεται
1030 2094 1179 2178 δεύτερα,

162 2200 217 2266 καλ
240 2201 304 2267 ἀπὸ
328 2214 395 2267 τῶν
416 2211 434 2267 ε
458 2201 716 2286 ἀφαιρουμένων
740 2205 761 2280 {t
783 2203 1035 2267 καταλείπονται
1058 2205 1092 2284 β
1123 2179 1187 2264 καίΙ
1277 2215 1281 2228 ·

163 2309 312 2395 φανερὸν
336 2310 387 2374 ὅτι
410 2307 445 2374 ἐκ
463 2317 524 2374 τοῦ
544 2310 627 2374 κατὰ
647 2310 811 2394 διαίρεσιν
829 2308 1034 2392 παρανόμου
1052 2310 1180 2390 γίνεται

122 2413 181 2480 εοὸ
204 2419 369 2502 μερισμός.
1216 2407 1220 2416 ’

141 2529 145 2540 ’
231 2522 345 2598 Οὕτως
382 2517 444 2588 οὖν
478 2525 518 2589 τὰ
549 2529 694 2608 προσεχῆ
727 2524 854 2605 γίνεται
889 2517 945 2584 καὶ
979 2528 1077 2586 τοῦτο
1115 2521 1178 2606 χρὴ

162 2627 287 2694 εἰδέναι
310 2629 361 2694 ότι
383 2638 450 2694 πᾶν
473 2626 562 2706 εἶδος
584 2631 673 2711 παρὰ
700 2629 760 2693 τὸν
785 2627 800 2706 ξ
824 2626 934 2728 ἁπλῶς
961 2629 1178 2727 μεριζόμενον

162 2745 252 2800 ποιεῖ
263 2737 300 2800 τὸ
314 2737 378 2822 πρὸ
394 2734 515 2801 ἑαυτοῦ
534 2731 669 2818 είὸος,’
653 2733 901 2820 επινοουμενωυ
915 2745 982 2799 τῶν
1002 2734 1018 2814 ξ
1036 2729 1178 2816 πρώτων

162 2847 290 2906 λεπτῶν
314 2843 388 2920 ξε
391 2843 489 2929 ίγὰρ
512 2841 591 2909 καθ’
618 2842 783 2907 ὑπόθεσιν
806 2843 846 2906 τα
871 2857 914 2924 ομ
936 2852 1049 2926 πρῶτα
1077 2842 1178 2905 λεπτα
1264 2887 1267 2896 -

122 2971 149 3012 ει
162 2950 251 3033 παρα
282 2950 341 3014 τὸν
370 2951 386 3027 ξ
414 2952 554 3035 μερίσω,
586 2947 736 3014 τουτέστι
763 2949 854 3034 παρα
880 2959 993 3034 πρῶτα
1021 2947 1121 3012 λεπτὰ
1150 2947 1178 3027 ξ,

84 3083 86 3090 ·
163 3053 224 3134 ἔξω
248 3041 420 3141 μοίραςό,
445 3054 515 3121 ἐπεὶ
537 3080 593 3121 και
581 3041 633 3120 ό
650 3065 765 3141 μοῖραι
782 3053 836 3121 ἐπὶ
854 3065 967 3140 πρῶτα
986 3053 1178 3138 ἑξηκοσταξ

161 3171 296 3227 ποιοῦσι
319 3173 432 3246 πρῶτα
455 3165 624 3229 λεπτα
581 3180 636 3248 σμ
660 3173 760 3247 μοῖρα
782 3162 846 3248 γὰρ
870 3160 924 3228 καὶ
948 3172 1061 3246 μοῖραι
1085 3155 1137 3246 ἐφ’
1159 3160 1177 3226 ὃ

162 3267 204 3333 ἂν
228 3263 317 3345 εἶδος
339 3274 694 3353 πολλαπλασιασθῶσι,
724 3270 761 3334 τὸ
790 3267 869 3332 αὐτὸ
897 3262 987 3344 είόος
1009 3271 1178 3334 ποιοῦσιν·

72 3427 73 3432 ,
162 3372 248 3441 είσὶν
276 3370 339 3441 οὖν
366 3376 406 3442 τὰ
430 3379 445 3454 ξ
473 3377 574 3442 λεπτὰ
603 3386 731 3462 πρῶτα,
763 3370 851 3460 παρ’,
873 3372 894 3438 ἃ
920 3376 1050 3458 γίνεται
1076 3373 1094 3440 ὁ
1122 3397 1178 3458 με-

234 3611 249 3660 3
270 3606 306 3670 ὡς
324 3622 377 3662 0111.
397 3609 430 3662 A.
478 3611 493 3660 9
512 3612 601 3660 ταῦτα
620 3603 727 3660 addidi.
772 3609 805 3657 19
824 3599 994 3674 Ιπαρόνυμος
1011 3602 1034 3655 Β
1054 3618 1088 3656 ex
1107 3618 1177 3658 corr.
1200 3634 1203 3642 ·
