2578 3984
192 233 257 298 102
432 231 683 287 PACHYMERAE
701 229 964 287 PARAPHRASIS.

257 401 313 463 λδ.
347 392 541 482 ’ὣιειδήπερ
569 406 636 461 τῶν
664 391 725 479 μὲν
753 395 817 460 άπὸ
848 393 995 479 μονάδος
1023 395 1213 458 διπλασίων

190 504 228 568 αί
243 514 311 568 τῶν
330 506 507 589 προλόγων
525 505 609 588 πρὸς
627 504 707 580 τοὺς
719 501 909 585 ὑπολόγους
923 501 1033 566 αὐτῶν
1047 497 1212 584 ὑπεροχαὶ

189 611 272 676 κατὰ
285 611 322 675 τὸ
337 610 482 694 φυσικὸν
500 619 588 695 χῦμα
607 618 668 674 τοῦ
686 609 835 694 ἀριθμοῦ
854 609 952 673 εἰσιν·
973 599 1046 672 οἷον
1060 607 1211 706 ὑπεροχὴ

188 726 250 782 τοῦ
274 721 295 800 β
318 718 401 803 πρὸς
422 718 483 782 τὸν
505 726 542 799 οἳ,
566 726 601 781 ᾶ·
629 716 775 801 ὑπεροχὴ
798 723 860 780 τοῦ
883 700 905 779 δ
926 715 1009 798 πρὸς
1031 715 1091 778 τὸν
1115 699 1153 797 β,
1178 718 1210 798 β·

162 823 334 908 5ὑπεροχὴ
354 832 416 889 τοῦ
435 827 453 891 ξ
475 825 559 909 πρὸς
576 824 637 889 τὸν
656 826 686 908 γ,
710 834 743 907 γ·
767 820 822 888 καὶ
841 821 987 907 ὑπεροχὴ
1005 829 1067 886 τοῦ
1085 831 1109 904 ἦ
1127 821 1212 907 πρὸς

188 931 248 995 τὸν
271 916 310 1014 δ,
334 917 370 1014 δ,
395 931 439 1008 ὡς
462 925 548 997 εἶναι
571 932 632 996 τὸν
655 931 758 996 αὐτὸν
782 929 931 1014 ἀριθμὸν
958 927 1013 994 καὶ
1041 928 1210 1014 ὑπεροχὴν

187 1045 249 1101 τοῦ
280 1041 451 1121 προλόγου
487 1035 541 1102 καὶ
574 1037 756 1121 ὑπόλογον·
793 1047 861 1100 τῶν
894 1032 931 1100 δὲ
963 1035 1027 1100 άπὸ
1060 1037 1210 1121 μονάδος

187 1148 393 1227 τριπλασίων
423 1144 526 1230 μέσον
554 1155 621 1209 τῶν
649 1144 825 1226 ὑπολόγων
850 1140 908 1207 καὶ
934 1153 1003 1208 τῶν
1030 1145 1209 1228 προλόγων

189 1251 224 1315 οί
245 1251 354 1335 άρτιοι
377 1254 476 1336 μόνοι
498 1252 671 1335 ὑπεροχαί·
696 1242 769 1314 οἷον
792 1246 896 1332 μέσον
918 1259 979 1315 τοῦ
1002 1259 1023 1314 ἄ
1045 1248 1101 1315 καὶ
1121 1264 1153 1333 γ,
1178 1236 1208 1334 β,

149 1354 243 1421 ιοκαλ
266 1366 327 1423 τοῦ
351 1361 371 1427 ξ
393 1356 449 1424 καὶ
471 1368 531 1424 τοῦ
550 1344 583 1441 β,
607 1343 639 1441 δ,
662 1354 716 1421 καὶ
738 1365 800 1422 τοῦ
822 1342 851 1421 δ
872 1354 927 1422 καὶ
950 1365 1011 1423 τοῦ
1033 1366 1069 1440 γ,
1094 1360 1130 1441 ξ,
1154 1356 1209 1423 καὶ

187 1449 306 1547 τοῦτ-β
329 1463 384 1529 καὶ
409 1451 440 1547 δ,
463 1475 496 1548 ἦ,
520 1462 575 1529 καὶ
598 1471 659 1529 τοῦ
682 1465 710 1529 ἴε
733 1461 788 1529 καὶ
810 1471 838 1546 ε,
862 1467 881 1528 ῐ
904 1464 948 1541 ὡς
970 1457 1058 1529 εἶναι
1076 1465 1156 1542 τούς
1174 1489 1209 1531 τε

187 1574 375 1656 προλόγους
393 1569 449 1636 καὶ
467 1574 546 1649 τοὺς
565 1571 752 1652 ὑπολόγους
766 1569 824 1634 ἕνα
842 1565 920 1654 παρ’
938 1569 998 1636 ἕνα
1015 1568 1070 1635 καλ
1090 1572 1208 1657 άρτιον

187 1676 243 1742 καὶ
266 1680 434 1762 περιττόν,
465 1678 509 1756 ὡς
535 1679 595 1742 τὸν
618 1680 640 1761 γ
661 1679 744 1762 πρὸς
766 1679 825 1742 τὸν
849 1687 884 1761 οἳ,
911 1674 966 1742 καὶ
995 1678 1054 1743 τὸν
1077 1679 1098 1745 ξ
1125 1681 1208 1764 πρὸς

187 1786 247 1849 τὸν
270 1768 303 1868 λλ,
327 1782 382 1850 καὶ
406 1779 508 1863 αὖθις
530 1769 639 1850 τὸνὺ
662 1785 745 1868 πρὸς
766 1785 826 1849 τὸν
849 1789 884 1866 γ’
914 1795 982 1851 τῶν
1005 1782 1043 1850 δὲ
1067 1784 1132 1852 ἀπὸ
1152 1810 1207 1871 μο-

149 1891 292 1967 πνάδος
315 1894 564 1974 τετραπλασίων
587 1893 624 1957 αἱ
644 1889 804 1977 ὑπεροχαὶ
827 1901 895 1957 τῶν
921 1895 1098 1976 προλόγων
1126 1895 1209 1977 πρὸς

187 2000 266 2074 τοὺς
284 1997 472 2081 ὑπολόγους
491 1999 602 2064 αὐτῶν
621 2001 657 2064 os
668 1999 732 2065 άπὸ
747 1999 881 2084 τριάδος
895 2000 1088 2084 τριπλάσιοί
1103 2002 1206 2065 εἰσιν·

187 2102 241 2168 καὶ
264 2114 332 2168 τῶν
354 2109 608 2171 πενταπλασίων
631 2107 669 2171 ολ
688 2106 752 2171 ἀπὸ
776 2105 932 2191 τετράδος
961 2107 1206 2191 τετραπλάσιον

187 2221 254 2276 τῶν
278 2208 315 2276 δὲ
335 2209 541 2291 ἕξαπλασίων
560 2214 596 2278 οί
613 2211 677 2278 άπὸ
695 2213 858 2290 πεντάδος
875 2214 1127 2278 πενταπλάσιοι·
1152 2211 1207 2278 καλ

187 2329 255 2382 τῶν
279 2317 511 2386 ἑπταπλασίων
535 2321 571 2385 οί
591 2319 654 2385 άπὸ
683 2318 798 2399 ἑξάδος
825 2317 1027 2398 ἑξαπλάσιον
1056 2319 1111 2385 καὶ
1140 2331 1207 2385 τῶν

147 2445 173 2484 ιο
188 2424 417 2490 ὀκταπλασίων
442 2427 477 2491 ολ
498 2426 561 2492 άπὸ
587 2425 727 2503 ἕπτάδος
751 2425 977 2493 ἕπταπλάσιοι·
1002 2425 1057 2492 καὶ
1076 2427 1205 2512 ἐφεξῆς·

186 2537 220 2595 εί
238 2556 288 2609 τις
311 2531 470 2612 ἕπιτάξειε
494 2533 556 2596 δύο
580 2531 749 2616 ἀριθμοὺς
770 2532 881 2616 εὑρεῖν
900 2531 937 2597 ἐν
956 2535 1044 2619 λόγῳ
1063 2531 1130 2598 τινὶ
1151 2532 1205 2598 καὶ

186 2639 332 2724 ὑπεροχῇ
355 2649 394 2725 τῇ
420 2641 571 2724 δοθείσῃ,
596 2637 702 2726 ῥᾷστα
721 2638 763 2704 άν
784 2643 914 2724 ἔχοιμεν
934 2637 1094 2704 ἐντεῦθεν
1112 2641 1206 2706 λύειν

186 2748 223 2811 τὸ
246 2746 449 2831 προβληθέν.

254 2855 298 2916 Ec
319 2862 403 2935 γοῦν
426 2878 476 2930 τις
494 2852 653 2932 ἐπιτάξειε
672 2852 784 2938 εὑρεῖν
803 2854 865 2918 δύο
885 2851 1052 2938 άριδμοὺς
1071 2855 1206 2937 ἔχοντας

147 2978 173 3018 25
186 2958 269 3040 πρὸς
293 2957 457 3041 ἀλλήλους
479 2959 725 3025 πενταπλάσιον
748 2962 851 3042 λόγον
874 2958 910 3024 ἐν
933 2958 1079 3044 ὑπεροχῇ
1098 2962 1205 3026 τόσων

186 3064 355 3149 μονάδων,
379 3067 433 3131 δεῖ
453 3070 569 3149 λαβεῖν
592 3067 653 3150 τὴν
675 3066 842 3152 ὑπεροχὴν
865 3065 919 3131 καὶ
939 3067 1029 3132 ὅσων
1048 3068 1205 3150 μονάδων

187 3169 278 3235 ἐστὶν
303 3171 397 3258 αὕτη,
422 3171 504 3257 φέρε
527 3175 590 3259 γάρ
614 3174 674 3239 ἐὰν
696 3175 716 3241 ἷι
739 3173 908 3259 μονάδων,
933 3177 1041 3256 ζητεῖν
1064 3175 1203 3238 κατὰτὸ

186 3277 494 3364 ὑποτετραπλάσιον
525 3289 583 3364 τῆς
614 3280 780 3366 ὑπεροχῆς
816 3281 876 3346 τὸν
908 3278 1058 3365 πέμπτον
1089 3297 1203 3345 πεντα-

187 3385 344 3470 πλάσιον,
381 3387 417 3463 ὅς
451 3385 542 3452 ἐστιν
574 3386 592 3451 δ
624 3399 661 3453 πε
689 3388 773 3472 πρὸς
804 3388 864 3452 τὸν
895 3396 928 3471 ε,
959 3386 1015 3453 καὶ
1048 3386 1154 3464 εὐθὺς
1183 3386 1202 3470 ἡ

144 3511 174 3550 εο
186 3490 331 3576 ὑπεροχὴ
369 3502 431 3557 τοῦ
463 3497 611 3577 μείζονος
642 3496 726 3579 πρὸς
758 3495 817 3558 τὸν
849 3492 977 3559 ἐλάσσω
1012 3493 1202 3579 ἐμφαίνεται

186 3590 478 3720 ἾῖῙδ-όξῦῐόρὺς
491 3612 582 3723 {rq'bk
598 3631 619 3700 1,
634 3638 659 3686 4.
