2570 3988
143 195 182 249 IV
508 195 787 249 PROLEGOMENA.

144 357 289 422 Planude
317 357 528 440 compilatum
537 355 571 442 ¹).
616 355 729 441 Neque
757 357 863 423 obiter
884 355 946 421 hoc
969 356 1153 421 tacendum:

145 465 299 550 opusculo
323 464 357 528 in
380 463 436 527 illo
459 463 612 528 cifrsrum
635 463 758 548 figurae
777 484 832 528 eae
852 467 928 527 sunt
946 462 1062 546 quibus
1082 466 1152 526 tum

144 571 300 655 temporis
324 570 401 635 Itali
428 570 616 653 utebantur3
644 569 804 634 Planudes
830 573 955 651 contra,
983 576 1019 634 ut
1042 592 1152 634 omnes

145 677 258 754 sciunt,
281 677 423 759 persicas
446 679 541 741 notas
564 698 770 741 numerorum
794 676 948 741 exhibuit.

211 783 298 860 Quae
332 784 365 847 in
393 784 458 847 fine
487 780 611 847 Calculi
640 783 728 846 illius
756 782 857 848 Indici
886 782 924 846 de
953 783 1153 848 extractione

144 891 260 956 radicis
296 890 501 974 quadreticae
535 889 698 971 dicuntur,
731 890 891 973 complere
923 890 1016 955 credo
1049 891 1155 955 voluit

144 997 220 1061 libri
248 999 398 1080 scriptor,
424 1018 539 1080 nempe
563 995 740 1060 monachus
764 995 894 1079 quidam
917 998 1006 1061 varia
1030 997 1166 1061 metire·-

145 1104 264 1168 matica
292 1103 331 1167 ad
360 1103 487 1168 libitum
517 1125 611 1166 suum
639 1103 802 1188 colligens.
848 1102 971 1167 Forsan
994 1102 1154 1168 scholium

144 1233 294 1276 mancum
326 1211 360 1274 in
388 1209 594 1293 Diophanteo
627 1208 766 1293 quodam
798 1208 907 1274 codice
935 1211 1094 1293 excerpsit
1121 1213 1154 1273 et

143 1317 217 1380 inde
245 1317 364 1383 falsum
392 1318 511 1380 lemma
539 1315 725 1399 adscripsit;
751 1337 828 1378 nam
851 1337 940 1379 error
962 1316 1154 1380 manifestus

143 1427 203 1507 est,
226 1424 282 1488 sed
305 1423 428 1488 fraudis
453 1423 630 1506 suspicioni
651 1422 760 1487 nullus
783 1423 882 1487 locus.

210 1531 239 1594 2.
268 1530 307 1593 In
327 1530 546 1613 compluribus
564 1528 741 1593 Ptolemaei
757 1527 1011 1612 Compositionis
1033 1530 1155 1595 mathe-

144 1638 281 1701 maticae
309 1637 471 1702 codicibus
501 1636 729 1719 manuscriptis
757 1635 815 1700 ille
842 1639 1079 1721 Προλεγόμενα
1107 1659 1155 1702 re-

142 1745 310 1828 periuntur
339 1766 512 1827 anonyma,
544 1765 681 1828 quorum
710 1743 837 1808 initium
866 1747 899 1807 et
926 1750 1053 1826 partem
1081 1765 1154 1828 geo-

144 1851 311 1915 metricam
330 1851 517 1935 praeclarae
538 1871 614 1914 suae
634 1849 737 1934 Pappi
749 1850 884 1914 editioni
898 1848 1011 1937 (praef.
1022 1852 1085 1916 vol.
1096 1850 1155 1934 III,

142 1980 195 2041 pp.
210 1956 444 2042 XVII-XX1;
464 1980 517 2041 pp.
535 1956 769 2042 1138-1165)
787 1955 979 2022 Hultschius
999 1957 1154 2022 adiunxit.

142 2064 255 2146 Pappo
292 2063 420 2147 quidem
456 2064 581 2128 tributa
612 2063 744 2128 fuerunt
775 2064 816 2128 ab
849 2068 979 2129 auctore
1012 2063 1155 2149 catalogi

142 2170 302 2235 VatIcano
318 2191 435 2255 graeco
448 2170 512 2235 184
525 2171 703 2252 praemissi,
717 2169 897 2254 Diophauti
910 2192 1028 2235 nomeu
1042 2177 1154 2236 contra

141 2276 255 2342 iisdem
284 2278 318 2341 in
342 2277 506 2343 Marciano
530 2279 595 2343 303
623 2299 705 2342 saec.
727 2276 806 2341 XIV
830 2278 1008 2361 praefixum
1036 2281 1095 2360 est,
1117 2281 1154 2341 ut

143 2384 353 2448 recentiorem
379 2406 460 2448 saec.
478 2384 574 2448 XVII
598 2383 851 2449 Canonicianum
876 2383 1090 2449 Bodleianum
1111 2384 1154 2449 32

143 2491 302 2556 omittam.
357 2490 517 2575 Utrinque
549 2491 647 2573 fals03
683 2514 759 2555 nam
793 2491 856 2555 etsi
888 2490 1034 2575 Pappum
1068 2495 1154 2556 certe

143 2619 214 2662 cum
245 2597 375 2663 Theoue
405 2598 540 2681 aliisque
568 2595 649 2684 (non
678 2598 898 2683 Diophantum
926 2594 1051 2684 autem)
1079 2596 1155 2661 Pro-

141 2702 365 2789 legomenbull
387 2707 501 2768 auctor
519 2705 749 2789 compilaverIt
773 2708 849 2787 post
867 2703 1041 2789 Syrianum
1061 2704 1152 2770 cuius

142 2812 337 2875 mentionem
366 2811 457 2894 feeit,
485 2832 561 2894 ergo
585 2834 650 2875 uon
674 2816 747 2875 ante
770 2812 866 2874 finem
891 2812 997 2895 quinti
1019 2812 1069 2875 vel
1093 2811 1153 2874 iui-

215 3040 241 3110 1)
258 3039 291 3092 In
314 3037 461 3094 notissimo
484 3055 567 3109 opere
591 3039 667 3107 quod
691 3055 791 3108 graece
810 3038 900 3093 edidit
918 3038 1070 3094 Gerherdt:
1093 3037 1155 3092 Das

143 3129 321 3184 Recheebccb
338 3130 385 3184 des
403 3129 547 3184 Mammas
565 3129 716 3197 Plauadm,
733 3127 825 3198 Helle,
845 3127 980 3195 Schmidt,
1002 3131 1079 3182 1865.

214 3221 241 3285 2)
261 3216 481 3286 Prolegomendu
495 3220 638 3272 auctorem
647 3216 734 3271 fuisse
744 3217 926 3271 Heliodorum
934 3215 1155 3271 Alexandrinum

143 3305 273 3360 Hermiae
297 3305 386 3360 filium
404 3306 601 3375 Ammoniique
624 3306 740 3359 fratrem
763 3323 812 3359 eur
835 3304 936 3359 coniici
958 3305 1060 3375 possm,
1083 3305 1155 3359 elias

142 3395 259 3465 exposui
282 3397 420 3465 (Bulleta'n
446 3398 492 3452 dcc
515 3397 639 3452 Seleucus
663 3396 906 3464 Mallremctc'qcea,
931 3394 1010 3463 janu.
1031 3400 1101 3449 1894
1127 3396 1156 3447 et

143 3486 303 3554 Zeitscbrift
324 3486 374 3554 frte
393 3485 575 3541 Matlmmatilc
597 3486 657 3539 uod
678 3484 795 3554 Phyailc,
819 3482 871 3536 sub
892 3482 989 3538 titulo:
1018 3485 1062 3539 Ua
1079 3484 1155 3554 frap-

141 3581 213 3630 meet
231 3576 278 3632 des
296 3576 446 3646 Metaque
465 3575 498 3629 de
516 3574 632 3640 He‘roo).
