<?xml version="1.0" encoding="UTF-8"?>
<!DOCTYPE html PUBLIC "-//W3C//DTD XHTML 1.0 Transitional//EN"
    "http://www.w3.org/TR/xhtml1/DTD/xhtml1-transitional.dtd">
<html xmlns="http://www.w3.org/1999/xhtml" xml:lang="en" lang="en">
 <head>
  <title>
</title>
<meta http-equiv="Content-Type" content="text/html;charset=utf-8" />
  <meta name='ocr-system' content='tesseract 3.04.00' />
  <meta name='ocr-capabilities' content='ocr_page ocr_carea ocr_par ocr_line ocrx_word'/>
</head>
<body>
  <div class='ocr_page' id='page_1' title='image "./diophantialexan01diopgoog_0262.png"; bbox 0 0 2568 3980; ppageno 0'>
   <div class='ocr_carea' id='block_1_1' title="bbox 182 170 932 240">
    <p class='ocr_par' dir='ltr' id='par_1_1' title="bbox 182 170 932 240">
     <span class='ocr_line' id='line_1_1' title="bbox 182 170 932 240; baseline -0.017 -2"><span class='ocrx_word' id='word_1_1' title='bbox 182 175 245 240; x_wconf 80' lang='grc'><strong><em>176</em></strong></span> <span class='ocrx_word' id='word_1_2' title='bbox 450 171 605 229; x_wconf 82' lang='lat' dir='ltr'><strong>SOHOLIA</strong></span> <span class='ocrx_word' id='word_1_3' title='bbox 622 171 663 226; x_wconf 87' lang='lat' dir='ltr'><strong><em>IN</em></strong></span> <span class='ocrx_word' id='word_1_4' title='bbox 680 170 932 227; x_wconf 82' lang='lat' dir='ltr'><strong>DIOPHANTUM.</strong></span> 
     </span>
    </p>
   </div>
   <div class='ocr_carea' id='block_1_2' title="bbox 154 335 1202 970">
    <p class='ocr_par' dir='ltr' id='par_1_2' title="bbox 154 335 1202 956">
     <span class='ocr_line' id='line_1_2' title="bbox 178 335 1197 424; baseline -0.004 -20"><span class='ocrx_word' id='word_1_5' title='bbox 178 340 242 424; x_wconf 71' lang='grc' dir='ltr'><strong><em>γὰρ</em></strong></span> <span class='ocrx_word' id='word_1_6' title='bbox 264 341 324 404; x_wconf 90' lang='grc' dir='ltr'><strong><em>τὸν</em></strong></span> <span class='ocrx_word' id='word_1_7' title='bbox 346 341 366 402; x_wconf 77' lang='lat'><strong><em>6</em></strong></span> <span class='ocrx_word' id='word_1_8' title='bbox 389 335 444 402; x_wconf 86' lang='grc' dir='ltr'><strong><em>κοιλ</em></strong></span> <span class='ocrx_word' id='word_1_9' title='bbox 467 339 526 402; x_wconf 90' lang='grc' dir='ltr'><strong><em>τὸν</em></strong></span> <span class='ocrx_word' id='word_1_10' title='bbox 545 340 568 421; x_wconf 78' lang='grc' dir='ltr'>μ</span> <span class='ocrx_word' id='word_1_11' title='bbox 587 335 785 421; x_wconf 80' lang='grc' dir='ltr'><strong><em>ἐλήφθησαν</em></strong></span> <span class='ocrx_word' id='word_1_12' title='bbox 802 346 870 400; x_wconf 82' lang='grc' dir='ltr'><strong><em>τῶν</em></strong></span> <span class='ocrx_word' id='word_1_13' title='bbox 889 337 1000 400; x_wconf 79' lang='grc' dir='ltr'><strong><em>ἄλλων</em></strong></span> <span class='ocrx_word' id='word_1_14' title='bbox 1019 335 1197 420; x_wconf 82' lang='grc' dir='ltr'><strong><em>ὑπεροχαί,</em></strong></span> 
     </span>
     <span class='ocr_line' id='line_1_3' title="bbox 179 439 1198 527; baseline -0.004 -16"><span class='ocrx_word' id='word_1_15' title='bbox 179 448 261 527; x_wconf 84' lang='grc' dir='ltr'><strong><em>πρὸς</em></strong></span> <span class='ocrx_word' id='word_1_16' title='bbox 287 454 408 510; x_wconf 89' lang='grc' dir='ltr'><strong><em>τοῦτον</em></strong></span> <span class='ocrx_word' id='word_1_17' title='bbox 433 441 469 509; x_wconf 79' lang='lat'><strong><em>66</em></strong></span> <span class='ocrx_word' id='word_1_18' title='bbox 499 443 662 526; x_wconf 76' lang='grc' dir='ltr'><strong><em>οὐδαμῶς.</em></strong></span> <span class='ocrx_word' id='word_1_19' title='bbox 708 440 763 506; x_wconf 85' lang='grc' dir='ltr'><strong><em>κοιλ</em></strong></span> <span class='ocrx_word' id='word_1_20' title='bbox 790 443 890 506; x_wconf 83' lang='grc' dir='ltr'><strong><em>πάλιν</em></strong></span> <span class='ocrx_word' id='word_1_21' title='bbox 915 441 936 525; x_wconf 87' lang='grc' dir='ltr'><strong><em>ή</em></strong></span> <span class='ocrx_word' id='word_1_22' title='bbox 965 439 1026 525; x_wconf 73' lang='grc' dir='ltr'><strong><em>μὲν</em></strong></span> <span class='ocrx_word' id='word_1_23' title='bbox 1049 441 1198 526; x_wconf 83' lang='grc' dir='ltr'><strong><em>ὑπεροχή</em></strong></span> 
     </span>
     <span class='ocr_line' id='line_1_4' title="bbox 180 537 1200 636; baseline -0.005 -19"><span class='ocrx_word' id='word_1_24' title='bbox 180 564 246 617; x_wconf 84' lang='grc' dir='ltr'><strong><em>τῶν</em></strong></span> <span class='ocrx_word' id='word_1_25' title='bbox 269 537 289 617; x_wconf 82' lang='grc' dir='ltr'><strong><em>λ</em></strong></span> <span class='ocrx_word' id='word_1_26' title='bbox 312 548 367 617; x_wconf 83' lang='grc' dir='ltr'><strong><em>καὶ</em></strong></span> <span class='ocrx_word' id='word_1_27' title='bbox 389 555 414 635; x_wconf 81' lang='grc' dir='ltr'>μ</span> <span class='ocrx_word' id='word_1_28' title='bbox 436 551 518 636; x_wconf 83' lang='grc' dir='ltr'><strong><em>πρὸς</em></strong></span> <span class='ocrx_word' id='word_1_29' title='bbox 541 551 600 615; x_wconf 92' lang='grc' dir='ltr'><strong><em>τὸν</em></strong></span> <span class='ocrx_word' id='word_1_30' title='bbox 623 553 658 632; x_wconf 71' lang='grc' dir='ltr'><strong><em>ῖι,</em></strong></span> <span class='ocrx_word' id='word_1_31' title='bbox 683 559 719 633; x_wconf 85' lang='grc' dir='ltr'><strong><em>μθ</em></strong></span> <span class='ocrx_word' id='word_1_32' title='bbox 745 546 814 614; x_wconf 80' lang='grc' dir='ltr'><strong><em>ἐστὶ</em></strong></span> <span class='ocrx_word' id='word_1_33' title='bbox 837 555 877 614; x_wconf 79' lang='grc' dir='ltr'><strong><em>ὑ·</em></strong></span> <span class='ocrx_word' id='word_1_34' title='bbox 900 549 920 632; x_wconf 85' lang='grc' dir='ltr'><strong><em>ή</em></strong></span> <span class='ocrx_word' id='word_1_35' title='bbox 945 544 982 632; x_wconf 77' lang='lat'><strong><em>66</em></strong></span> <span class='ocrx_word' id='word_1_36' title='bbox 1004 559 1072 613; x_wconf 84' lang='grc' dir='ltr'><strong><em>τῶν</em></strong></span> <span class='ocrx_word' id='word_1_37' title='bbox 1095 552 1120 632; x_wconf 78' lang='grc' dir='ltr'>μ</span> <span class='ocrx_word' id='word_1_38' title='bbox 1143 547 1200 613; x_wconf 85' lang='grc' dir='ltr'><strong><em>καλ</em></strong></span> 
     </span>
     <span class='ocr_line' id='line_1_5' title="bbox 180 643 1202 742; baseline -0.002 -19"><span class='ocrx_word' id='word_1_39' title='bbox 180 663 202 723; x_wconf 82' lang='grc' dir='ltr'><strong><em>ιί</em></strong></span> <span class='ocrx_word' id='word_1_40' title='bbox 225 661 309 742; x_wconf 82' lang='grc' dir='ltr'><strong><em>πρὸς</em></strong></span> <span class='ocrx_word' id='word_1_41' title='bbox 330 660 390 723; x_wconf 92' lang='grc' dir='ltr'><strong><em>τὸν</em></strong></span> <span class='ocrx_word' id='word_1_42' title='bbox 409 643 444 741; x_wconf 82' lang='grc' dir='ltr'><strong><em>λ,</em></strong></span> <span class='ocrx_word' id='word_1_43' title='bbox 468 668 504 742; x_wconf 85' lang='grc' dir='ltr'><strong><em>μθ</em></strong></span> <span class='ocrx_word' id='word_1_44' title='bbox 519 643 555 722; x_wconf 82' lang='grc' dir='ltr'><strong><em>λ·</em></strong></span> <span class='ocrx_word' id='word_1_45' title='bbox 579 657 616 722; x_wconf 86' lang='grc' dir='ltr'><strong><em>τὸ</em></strong></span> <span class='ocrx_word' id='word_1_46' title='bbox 641 652 678 721; x_wconf 78' lang='lat'><strong><em>66</em></strong></span> <span class='ocrx_word' id='word_1_47' title='bbox 701 656 822 740; x_wconf 82' lang='grc' dir='ltr'><strong><em>μεταξὺ</em></strong></span> <span class='ocrx_word' id='word_1_48' title='bbox 844 667 911 720; x_wconf 83' lang='grc' dir='ltr'><strong><em>τῶν</em></strong></span> <span class='ocrx_word' id='word_1_49' title='bbox 931 656 993 720; x_wconf 88' lang='grc' dir='ltr'><strong><em>ιλὺο</em></strong></span> <span class='ocrx_word' id='word_1_50' title='bbox 1013 656 1202 742; x_wconf 78' lang='grc' dir='ltr'><strong><em>ὑπεροχῶν,</em></strong></span> 
     </span>
     <span class='ocr_line' id='line_1_6' title="bbox 154 761 1200 878; baseline 0.001 -51"><span class='ocrx_word' id='word_1_51' title='bbox 154 777 249 831; x_wconf 78' lang='grc' dir='ltr'><strong><em>ιτῶν</em></strong></span> <span class='ocrx_word' id='word_1_52' title='bbox 272 789 307 830; x_wconf 88' lang='grc' dir='ltr'><strong><em>τε</em></strong></span> <span class='ocrx_word' id='word_1_53' title='bbox 331 791 351 829; x_wconf 92' lang='grc' dir='ltr'><strong><em>ν</em></strong></span> <span class='ocrx_word' id='word_1_54' title='bbox 330 762 429 829; x_wconf 84' lang='grc' dir='ltr'><strong><em>κοιλ</em></strong></span> <span class='ocrx_word' id='word_1_55' title='bbox 452 770 558 830; x_wconf 82' lang='grc' dir='ltr'><strong><em>τῶνλ</em></strong></span> <span class='ocrx_word' id='word_1_56' title='bbox 565 764 698 846; x_wconf 81' lang='grc' dir='ltr'><strong><em>,αὐτὸς</em></strong></span> <span class='ocrx_word' id='word_1_57' title='bbox 721 763 792 847; x_wconf 88' lang='grc' dir='ltr'><strong><em>ὑμ,</em></strong></span> <span class='ocrx_word' id='word_1_58' title='bbox 816 763 899 845; x_wconf 77' lang='grc' dir='ltr'><strong><em>πρὸς</em></strong></span> <span class='ocrx_word' id='word_1_59' title='bbox 922 761 962 827; x_wconf 83' lang='grc' dir='ltr'><strong><em>ὃν</em></strong></span> <span class='ocrx_word' id='word_1_60' title='bbox 981 762 1043 827; x_wconf 87' lang='grc' dir='ltr'><strong><em>οὑκ</em></strong></span> <span class='ocrx_word' id='word_1_61' title='bbox 1066 761 1200 878; x_wconf 77' lang='grc' dir='ltr'><strong><em>ἐλήφθη</em></strong></span> 
     </span>
     <span class='ocr_line' id='line_1_7' title="bbox 180 864 1201 970; baseline -0.003 -34"><span class='ocrx_word' id='word_1_62' title='bbox 180 882 248 936; x_wconf 81' lang='grc' dir='ltr'><strong><em>τῶν</em></strong></span> <span class='ocrx_word' id='word_1_63' title='bbox 275 872 386 937; x_wconf 80' lang='grc' dir='ltr'><strong><em>ἄλλων</em></strong></span> <span class='ocrx_word' id='word_1_64' title='bbox 414 871 569 970; x_wconf 83' lang='grc' dir='ltr'><strong><em>ὑπεροχή.</em></strong></span> <span class='ocrx_word' id='word_1_65' title='bbox 616 871 672 936; x_wconf 83' lang='grc' dir='ltr'><strong><em>ιιοιὶ</em></strong></span> <span class='ocrx_word' id='word_1_66' title='bbox 700 871 747 934; x_wconf 82' lang='grc' dir='ltr'><strong><em>ἔτι</em></strong></span> <span class='ocrx_word' id='word_1_67' title='bbox 774 868 795 952; x_wconf 86' lang='grc' dir='ltr'><strong><em>ή</em></strong></span> <span class='ocrx_word' id='word_1_68' title='bbox 824 864 885 951; x_wconf 67' lang='grc' dir='ltr'><strong><em>μὲν</em></strong></span> <span class='ocrx_word' id='word_1_69' title='bbox 912 869 1057 954; x_wconf 86' lang='grc' dir='ltr'><strong><em>ὑπεροχή</em></strong></span> <span class='ocrx_word' id='word_1_70' title='bbox 1085 880 1154 934; x_wconf 86' lang='grc' dir='ltr'><strong><em>τιον</em></strong></span> <span class='ocrx_word' id='word_1_71' title='bbox 1178 895 1201 954; x_wconf 98' lang='grc' dir='ltr'>μ</span> 
     </span>
    </p>
   </div>
   <div class='ocr_carea' id='block_1_3' title="bbox 142 961 1201 1501">
    <p class='ocr_par' dir='ltr' id='par_1_3' title="bbox 142 961 1201 1501">
     <span class='ocr_line' id='line_1_8' title="bbox 180 961 1201 1065; baseline -0.003 -21"><span class='ocrx_word' id='word_1_72' title='bbox 180 976 279 1044; x_wconf 86' lang='grc' dir='ltr'><strong><em>καλ</em></strong></span> <span class='ocrx_word' id='word_1_73' title='bbox 259 1003 279 1043; x_wconf 84' lang='grc' dir='ltr'><strong><em>ιι</em></strong></span> <span class='ocrx_word' id='word_1_74' title='bbox 302 979 437 1065; x_wconf 78' lang='grc' dir='ltr'><strong><em>πρὸς</em></strong></span> <span class='ocrx_word' id='word_1_75' title='bbox 406 1001 466 1044; x_wconf 94' lang='grc' dir='ltr'><strong><em>τον</em></strong></span> <span class='ocrx_word' id='word_1_76' title='bbox 485 963 524 1060; x_wconf 83' lang='grc' dir='ltr'><strong><em>λ,</em></strong></span> <span class='ocrx_word' id='word_1_77' title='bbox 549 989 585 1062; x_wconf 97' lang='grc' dir='ltr'><strong><em>μθ</em></strong></span> <span class='ocrx_word' id='word_1_78' title='bbox 610 961 739 1043; x_wconf 80' lang='grc' dir='ltr'><strong><em>ἐστλλ</em></strong></span> <span class='ocrx_word' id='word_1_79' title='bbox 767 975 787 1059; x_wconf 89' lang='grc' dir='ltr'><strong><em>ή</em></strong></span> <span class='ocrx_word' id='word_1_80' title='bbox 812 972 849 1040; x_wconf 75' lang='lat'><strong><em>66</em></strong></span> <span class='ocrx_word' id='word_1_81' title='bbox 876 985 943 1039; x_wconf 82' lang='grc' dir='ltr'><strong><em>τῶν</em></strong></span> <span class='ocrx_word' id='word_1_82' title='bbox 966 999 986 1040; x_wconf 84' lang='grc' dir='ltr'><strong><em>κ</em></strong></span> <span class='ocrx_word' id='word_1_83' title='bbox 1009 974 1064 1041; x_wconf 84' lang='grc' dir='ltr'><strong><em>καὶ</em></strong></span> <span class='ocrx_word' id='word_1_84' title='bbox 1087 987 1156 1042; x_wconf 83' lang='grc' dir='ltr'><strong><em>τῶν</em></strong></span> <span class='ocrx_word' id='word_1_85' title='bbox 1181 962 1201 1041; x_wconf 82' lang='grc' dir='ltr'><strong><em>λ</em></strong></span> 
     </span>
     <span class='ocr_line' id='line_1_9' title="bbox 180 1080 1200 1170; baseline -0.003 -20"><span class='ocrx_word' id='word_1_86' title='bbox 180 1087 263 1170; x_wconf 80' lang='grc' dir='ltr'><strong><em>πρὸς</em></strong></span> <span class='ocrx_word' id='word_1_87' title='bbox 290 1086 397 1151; x_wconf 86' lang='grc' dir='ltr'><strong><em>τὸν</em></strong></span> <span class='ocrx_word' id='word_1_88' title='bbox 372 1095 471 1170; x_wconf 86' lang='grc' dir='ltr'><strong><em>μ,μθ</em></strong></span> <span class='ocrx_word' id='word_1_89' title='bbox 488 1098 518 1148; x_wconf 87' lang='grc' dir='ltr'><strong><em>ῑ·</em></strong></span> <span class='ocrx_word' id='word_1_90' title='bbox 546 1085 583 1149; x_wconf 89' lang='grc' dir='ltr'><strong><em>τὸ</em></strong></span> <span class='ocrx_word' id='word_1_91' title='bbox 613 1080 650 1148; x_wconf 75' lang='grc' dir='ltr'><strong><em>ιλλ</em></strong></span> <span class='ocrx_word' id='word_1_92' title='bbox 679 1082 799 1166; x_wconf 84' lang='grc' dir='ltr'><strong><em>μεταξὺ</em></strong></span> <span class='ocrx_word' id='word_1_93' title='bbox 827 1093 894 1147; x_wconf 84' lang='grc' dir='ltr'><strong><em>τῶν</em></strong></span> <span class='ocrx_word' id='word_1_94' title='bbox 924 1082 1031 1147; x_wconf 85' lang='lat'><em>660‘</em></span> <span class='ocrx_word' id='word_1_95' title='bbox 1014 1095 1200 1167; x_wconf 81' lang='grc' dir='ltr'><strong><em>ὑπεροχῶν,</em></strong></span> 
     </span>
     <span class='ocr_line' id='line_1_10' title="bbox 180 1177 1200 1276; baseline -0.002 -20"><span class='ocrx_word' id='word_1_96' title='bbox 180 1204 248 1257; x_wconf 84' lang='grc' dir='ltr'><strong><em>τῶν</em></strong></span> <span class='ocrx_word' id='word_1_97' title='bbox 280 1177 302 1257; x_wconf 83' lang='grc' dir='ltr'><strong><em>λ</em></strong></span> <span class='ocrx_word' id='word_1_98' title='bbox 327 1191 381 1257; x_wconf 84' lang='grc' dir='ltr'><strong><em>καλ</em></strong></span> <span class='ocrx_word' id='word_1_99' title='bbox 412 1205 438 1276; x_wconf 93' lang='grc' dir='ltr'><strong><em>ῑ,</em></strong></span> <span class='ocrx_word' id='word_1_100' title='bbox 469 1191 568 1267; x_wconf 84' lang='grc' dir='ltr'><strong><em>αὑτός</em></strong></span> <span class='ocrx_word' id='word_1_101' title='bbox 596 1190 666 1255; x_wconf 65' lang='grc' dir='ltr'><strong><em>ἐστι.</em></strong></span> <span class='ocrx_word' id='word_1_102' title='bbox 693 1189 756 1255; x_wconf 98' lang='lat'><strong><em>6</em></strong></span> <span class='ocrx_word' id='word_1_103' title='bbox 735 1213 772 1273; x_wconf 87' lang='grc' dir='ltr'><strong><em>κ,</em></strong></span> <span class='ocrx_word' id='word_1_104' title='bbox 801 1190 883 1274; x_wconf 81' lang='grc' dir='ltr'><strong><em>πρὸς</em></strong></span> <span class='ocrx_word' id='word_1_105' title='bbox 913 1189 953 1254; x_wconf 87' lang='grc' dir='ltr'><strong><em>ὃν</em></strong></span> <span class='ocrx_word' id='word_1_106' title='bbox 976 1188 1038 1254; x_wconf 87' lang='grc' dir='ltr'><strong><em>οὐκ</em></strong></span> <span class='ocrx_word' id='word_1_107' title='bbox 1064 1188 1200 1275; x_wconf 81' lang='grc' dir='ltr'><strong><em>ἐλήφθη</em></strong></span> 
     </span>
     <span class='ocr_line' id='line_1_11' title="bbox 142 1299 338 1384; baseline 0.015 -24"><span class='ocrx_word' id='word_1_108' title='bbox 142 1299 338 1384; x_wconf 89' lang='grc' dir='ltr'><strong><em>ιοὺπεροχή.</em></strong></span> 
     </span>
     <span class='ocr_line' id='line_1_12' title="bbox 248 1400 1200 1501; baseline -0.001 -32"><span class='ocrx_word' id='word_1_109' title='bbox 248 1406 427 1490; x_wconf 83' lang='grc' dir='ltr'><strong><em>Λειχθήτω</em></strong></span> <span class='ocrx_word' id='word_1_110' title='bbox 452 1400 489 1468; x_wconf 77' lang='lat'><strong><em>66</em></strong></span> <span class='ocrx_word' id='word_1_111' title='bbox 512 1401 566 1468; x_wconf 86' lang='grc' dir='ltr'><strong><em>καὶ</em></strong></span> <span class='ocrx_word' id='word_1_112' title='bbox 589 1401 642 1468; x_wconf 83' lang='grc' dir='ltr'><strong><em>ἐπὶ</em></strong></span> <span class='ocrx_word' id='word_1_113' title='bbox 665 1402 836 1501; x_wconf 73' lang='grc' dir='ltr'><strong><em>τεσσάρων</em></strong></span> <span class='ocrx_word' id='word_1_114' title='bbox 855 1402 1011 1488; x_wconf 81' lang='grc' dir='ltr'><strong><em>ἀριθμῶν</em></strong></span> <span class='ocrx_word' id='word_1_115' title='bbox 1029 1403 1066 1467; x_wconf 89' lang='grc' dir='ltr'><strong><em>τὸ</em></strong></span> <span class='ocrx_word' id='word_1_116' title='bbox 1088 1412 1200 1469; x_wconf 88' lang='grc' dir='ltr'><strong><em>τοιοῦ-</em></strong></span> 
     </span>
    </p>
   </div>
   <div class='ocr_carea' id='block_1_4' title="bbox 80 1507 1203 3625">
    <p class='ocr_par' dir='ltr' id='par_1_4' title="bbox 80 1507 1203 3625">
     <span class='ocr_line' id='line_1_13' title="bbox 182 1507 1201 1596; baseline 0 -20"><span class='ocrx_word' id='word_1_117' title='bbox 182 1531 256 1576; x_wconf 91' lang='grc' dir='ltr'><strong><em>τον·</em></strong></span> <span class='ocrx_word' id='word_1_118' title='bbox 281 1515 429 1576; x_wconf 80' lang='grc' dir='ltr'><strong><em>ἔστωσαν</em></strong></span> <span class='ocrx_word' id='word_1_119' title='bbox 452 1507 593 1595; x_wconf 85' lang='grc' dir='ltr'><strong><em>ἀριθμοὶ</em></strong></span> <span class='ocrx_word' id='word_1_120' title='bbox 614 1512 650 1592; x_wconf 70' lang='grc' dir='ltr'><strong><em>εἰ,</em></strong></span> <span class='ocrx_word' id='word_1_121' title='bbox 670 1514 705 1592; x_wconf 93' lang='grc' dir='ltr'><strong><em>λ,</em></strong></span> <span class='ocrx_word' id='word_1_122' title='bbox 723 1513 763 1593; x_wconf 75' lang='grc' dir='ltr'><strong><em>μ,</em></strong></span> <span class='ocrx_word' id='word_1_123' title='bbox 782 1513 816 1573; x_wconf 83' lang='grc' dir='ltr'><strong><em>ιἰ·</em></strong></span> <span class='ocrx_word' id='word_1_124' title='bbox 841 1507 911 1574; x_wconf 82' lang='grc' dir='ltr'><strong><em>ἐπεὶ</em></strong></span> <span class='ocrx_word' id='word_1_125' title='bbox 929 1510 949 1594; x_wconf 89' lang='grc' dir='ltr'><strong><em>ή</em></strong></span> <span class='ocrx_word' id='word_1_126' title='bbox 969 1507 1031 1593; x_wconf 71' lang='grc' dir='ltr'><strong><em>μὲν</em></strong></span> <span class='ocrx_word' id='word_1_127' title='bbox 1053 1510 1201 1596; x_wconf 88' lang='grc' dir='ltr'><strong><em>ὑπεροχή</em></strong></span> 
     </span>
     <span class='ocr_line' id='line_1_14' title="bbox 181 1604 1199 1702; baseline 0 -20"><span class='ocrx_word' id='word_1_128' title='bbox 181 1629 248 1682; x_wconf 84' lang='grc' dir='ltr'><strong><em>τῶν</em></strong></span> <span class='ocrx_word' id='word_1_129' title='bbox 275 1619 311 1700; x_wconf 79' lang='grc' dir='ltr'><strong><em>ιἰ,</em></strong></span> <span class='ocrx_word' id='word_1_130' title='bbox 334 1604 371 1697; x_wconf 85' lang='grc' dir='ltr'><strong><em>λ,</em></strong></span> <span class='ocrx_word' id='word_1_131' title='bbox 394 1620 432 1702; x_wconf 83' lang='grc' dir='ltr'><strong><em>μ,</em></strong></span> <span class='ocrx_word' id='word_1_132' title='bbox 458 1618 541 1700; x_wconf 78' lang='grc' dir='ltr'><strong><em>πρὸς</em></strong></span> <span class='ocrx_word' id='word_1_133' title='bbox 568 1617 628 1681; x_wconf 91' lang='grc' dir='ltr'><strong><em>τὸν</em></strong></span> <span class='ocrx_word' id='word_1_134' title='bbox 656 1617 691 1700; x_wconf 78' lang='grc' dir='ltr'><strong><em>ὑ,</em></strong></span> <span class='ocrx_word' id='word_1_135' title='bbox 714 1627 751 1700; x_wconf 90' lang='grc' dir='ltr'><strong><em>μθ</em></strong></span> <span class='ocrx_word' id='word_1_136' title='bbox 775 1613 840 1680; x_wconf 84' lang='grc' dir='ltr'><strong><em>ελσλ</em></strong></span> <span class='ocrx_word' id='word_1_137' title='bbox 867 1623 908 1699; x_wconf 77' lang='grc' dir='ltr'><strong><em>μ’</em></strong></span> <span class='ocrx_word' id='word_1_138' title='bbox 938 1615 959 1700; x_wconf 85' lang='grc' dir='ltr'><strong><em>ή</em></strong></span> <span class='ocrx_word' id='word_1_139' title='bbox 988 1612 1025 1681; x_wconf 77' lang='grc' dir='ltr'><strong><em>ιλλ</em></strong></span> <span class='ocrx_word' id='word_1_140' title='bbox 1053 1616 1199 1702; x_wconf 86' lang='grc' dir='ltr'><strong><em>ὑπεροχή</em></strong></span> 
     </span>
     <span class='ocr_line' id='line_1_15' title="bbox 182 1710 1200 1809; baseline -0.001 -20"><span class='ocrx_word' id='word_1_141' title='bbox 182 1735 249 1789; x_wconf 82' lang='grc' dir='ltr'><strong><em>τῶν</em></strong></span> <span class='ocrx_word' id='word_1_142' title='bbox 272 1710 308 1809; x_wconf 81' lang='grc' dir='ltr'><strong><em>λ,</em></strong></span> <span class='ocrx_word' id='word_1_143' title='bbox 333 1727 370 1807; x_wconf 82' lang='grc' dir='ltr'><strong><em>μ,</em></strong></span> <span class='ocrx_word' id='word_1_144' title='bbox 395 1731 433 1808; x_wconf 77' lang='grc' dir='ltr'><strong><em>ιἰ,</em></strong></span> <span class='ocrx_word' id='word_1_145' title='bbox 459 1725 543 1805; x_wconf 82' lang='grc' dir='ltr'><strong><em>πρὸς</em></strong></span> <span class='ocrx_word' id='word_1_146' title='bbox 565 1724 625 1788; x_wconf 92' lang='grc' dir='ltr'><strong><em>τὸν</em></strong></span> <span class='ocrx_word' id='word_1_147' title='bbox 648 1723 683 1804; x_wconf 71' lang='grc' dir='ltr'><strong><em>εἰ,</em></strong></span> <span class='ocrx_word' id='word_1_148' title='bbox 707 1725 796 1809; x_wconf 77' lang='grc' dir='ltr'><strong><em>μθρ·</em></strong></span> <span class='ocrx_word' id='word_1_149' title='bbox 824 1725 861 1788; x_wconf 89' lang='grc' dir='ltr'><strong><em>τὸ</em></strong></span> <span class='ocrx_word' id='word_1_150' title='bbox 890 1722 1011 1807; x_wconf 81' lang='grc' dir='ltr'><strong><em>μεταξὺ</em></strong></span> <span class='ocrx_word' id='word_1_151' title='bbox 1039 1724 1103 1806; x_wconf 73' lang='grc' dir='ltr'><strong><em>ἄρα</em></strong></span> <span class='ocrx_word' id='word_1_152' title='bbox 1131 1735 1200 1790; x_wconf 82' lang='grc' dir='ltr'><strong><em>τῶν</em></strong></span> 
     </span>
     <span class='ocr_line' id='line_1_16' title="bbox 143 1815 1201 1916; baseline 0.003 -24"><span class='ocrx_word' id='word_1_153' title='bbox 143 1840 205 1916; x_wconf 79' lang='grc' dir='ltr'><strong><em>ιεμ</em></strong></span> <span class='ocrx_word' id='word_1_154' title='bbox 228 1829 283 1896; x_wconf 83' lang='grc' dir='ltr'><strong><em>κοιλ</em></strong></span> <span class='ocrx_word' id='word_1_155' title='bbox 308 1837 344 1914; x_wconf 78' lang='grc' dir='ltr'><strong><em>ρ,</em></strong></span> <span class='ocrx_word' id='word_1_156' title='bbox 373 1831 390 1896; x_wconf 95' lang='lat'><strong><em>6</em></strong></span> <span class='ocrx_word' id='word_1_157' title='bbox 415 1840 436 1894; x_wconf 78' lang='grc' dir='ltr'>ὅ</span> <span class='ocrx_word' id='word_1_158' title='bbox 458 1829 545 1895; x_wconf 79' lang='grc' dir='ltr'><strong><em>ἐστι·</em></strong></span> <span class='ocrx_word' id='word_1_159' title='bbox 577 1832 636 1895; x_wconf 87' lang='grc' dir='ltr'><strong><em>καί</em></strong></span> <span class='ocrx_word' id='word_1_160' title='bbox 657 1831 741 1894; x_wconf 83' lang='grc' dir='ltr'><strong><em>εἰσιν</em></strong></span> <span class='ocrx_word' id='word_1_161' title='bbox 765 1830 801 1895; x_wconf 86' lang='grc' dir='ltr'><strong><em>ολ</em></strong></span> <span class='ocrx_word' id='word_1_162' title='bbox 822 1831 884 1894; x_wconf 84' lang='lat'><strong><em>660</em></strong></span> <span class='ocrx_word' id='word_1_163' title='bbox 909 1831 994 1914; x_wconf 89' lang='grc' dir='ltr'><strong><em>ὁμοῦ</em></strong></span> <span class='ocrx_word' id='word_1_164' title='bbox 1018 1840 1051 1914; x_wconf 84' lang='grc'><strong><em>6,</em></strong></span> <span class='ocrx_word' id='word_1_165' title='bbox 1080 1815 1201 1896; x_wconf 81' lang='grc' dir='ltr'><strong><em>ὑτελ</em></strong></span> 
     </span>
     <span class='ocr_line' id='line_1_17' title="bbox 80 1934 1201 2023; baseline -0.001 -21"><span class='ocrx_word' id='word_1_166' title='bbox 80 2013 82 2018; x_wconf 23' lang='grc' dir='ltr'>Ι</span> <span class='ocrx_word' id='word_1_167' title='bbox 182 1935 238 2003; x_wconf 84' lang='grc' dir='ltr'><strong><em>καὶ</em></strong></span> <span class='ocrx_word' id='word_1_168' title='bbox 260 1943 299 2022; x_wconf 76' lang='grc' dir='ltr'><strong><em>μ,</em></strong></span> <span class='ocrx_word' id='word_1_169' title='bbox 321 1937 404 2020; x_wconf 82' lang='grc' dir='ltr'><strong><em>πρὸς</em></strong></span> <span class='ocrx_word' id='word_1_170' title='bbox 429 1935 487 2013; x_wconf 80' lang='grc' dir='ltr'><strong><em>οὓς</em></strong></span> <span class='ocrx_word' id='word_1_171' title='bbox 511 1936 572 2001; x_wconf 89' lang='grc' dir='ltr'><strong><em>οὐκ</em></strong></span> <span class='ocrx_word' id='word_1_172' title='bbox 595 1935 727 2020; x_wconf 83' lang='grc' dir='ltr'><strong><em>ἐλήφθη</em></strong></span> <span class='ocrx_word' id='word_1_173' title='bbox 751 1936 905 2023; x_wconf 88' lang='grc' dir='ltr'><strong><em>ὑπεροχή.</em></strong></span> <span class='ocrx_word' id='word_1_174' title='bbox 946 1938 983 2002; x_wconf 87' lang='grc' dir='ltr'><strong><em>τὸ</em></strong></span> <span class='ocrx_word' id='word_1_175' title='bbox 1016 1934 1053 2002; x_wconf 79' lang='lat'><strong><em>66</em></strong></span> <span class='ocrx_word' id='word_1_176' title='bbox 1082 1937 1201 2021; x_wconf 83' lang='grc' dir='ltr'><strong><em>ὅμοιον</em></strong></span> 
     </span>
     <span class='ocr_line' id='line_1_18' title="bbox 183 2042 1201 2129; baseline 0 -21"><span class='ocrx_word' id='word_1_177' title='bbox 183 2047 371 2128; x_wconf 79' lang='grc' dir='ltr'><strong><em>γενήσεται,</em></strong></span> <span class='ocrx_word' id='word_1_178' title='bbox 401 2042 457 2109; x_wconf 80' lang='grc' dir='ltr'><strong><em>καὶ</em></strong></span> <span class='ocrx_word' id='word_1_179' title='bbox 485 2043 543 2109; x_wconf 79' lang='grc' dir='ltr'><strong><em>ἐὰν</em></strong></span> <span class='ocrx_word' id='word_1_180' title='bbox 567 2043 716 2129; x_wconf 77' lang='grc' dir='ltr'><strong><em>&lt;λάβης&gt;</em></strong></span> <span class='ocrx_word' id='word_1_181' title='bbox 738 2045 775 2109; x_wconf 91' lang='grc' dir='ltr'><strong><em>τὸ</em></strong></span> <span class='ocrx_word' id='word_1_182' title='bbox 804 2043 925 2128; x_wconf 83' lang='grc' dir='ltr'><strong><em>μετοιξὺ</em></strong></span> <span class='ocrx_word' id='word_1_183' title='bbox 952 2052 1010 2129; x_wconf 82' lang='grc' dir='ltr'><strong><em>τής</em></strong></span> <span class='ocrx_word' id='word_1_184' title='bbox 1037 2043 1201 2129; x_wconf 82' lang='grc' dir='ltr'><strong><em>ὑπεροχής</em></strong></span> 
     </span>
     <span class='ocr_line' id='line_1_19' title="bbox 183 2136 1202 2237; baseline 0.002 -21"><span class='ocrx_word' id='word_1_185' title='bbox 183 2162 250 2216; x_wconf 81' lang='grc' dir='ltr'><strong><em>τῶν</em></strong></span> <span class='ocrx_word' id='word_1_186' title='bbox 274 2136 308 2235; x_wconf 79' lang='grc' dir='ltr'><strong><em>λ,</em></strong></span> <span class='ocrx_word' id='word_1_187' title='bbox 331 2152 370 2234; x_wconf 71' lang='grc' dir='ltr'><strong><em>μ,</em></strong></span> <span class='ocrx_word' id='word_1_188' title='bbox 393 2153 415 2216; x_wconf 81' lang='grc' dir='ltr'><strong><em>ὑ</em></strong></span> <span class='ocrx_word' id='word_1_189' title='bbox 436 2151 519 2237; x_wconf 80' lang='grc' dir='ltr'><strong><em>πρὸς</em></strong></span> <span class='ocrx_word' id='word_1_190' title='bbox 537 2153 597 2217; x_wconf 92' lang='grc' dir='ltr'><strong><em>τὸν</em></strong></span> <span class='ocrx_word' id='word_1_191' title='bbox 619 2153 655 2234; x_wconf 77' lang='lat'><strong><em>6,</em></strong></span> <span class='ocrx_word' id='word_1_192' title='bbox 684 2148 739 2216; x_wconf 83' lang='grc' dir='ltr'><strong><em>κοιλ</em></strong></span> <span class='ocrx_word' id='word_1_193' title='bbox 762 2160 820 2234; x_wconf 78' lang='grc' dir='ltr'><strong><em>τῆς</em></strong></span> <span class='ocrx_word' id='word_1_194' title='bbox 842 2162 910 2216; x_wconf 84' lang='grc' dir='ltr'><strong><em>τῶν</em></strong></span> <span class='ocrx_word' id='word_1_195' title='bbox 941 2155 979 2235; x_wconf 78' lang='grc' dir='ltr'><strong><em>μ,</em></strong></span> <span class='ocrx_word' id='word_1_196' title='bbox 1006 2155 1041 2234; x_wconf 79' lang='grc' dir='ltr'><strong><em>ὑ,</em></strong></span> <span class='ocrx_word' id='word_1_197' title='bbox 1066 2151 1087 2218; x_wconf 77' lang='lat'><strong><em>6</em></strong></span> <span class='ocrx_word' id='word_1_198' title='bbox 1118 2154 1202 2235; x_wconf 79' lang='grc' dir='ltr'><strong><em>πρὸς</em></strong></span> 
     </span>
     <span class='ocr_line' id='line_1_20' title="bbox 182 2243 1201 2342; baseline 0.001 -19"><span class='ocrx_word' id='word_1_199' title='bbox 182 2260 242 2323; x_wconf 90' lang='grc' dir='ltr'><strong><em>τὸν</em></strong></span> <span class='ocrx_word' id='word_1_200' title='bbox 265 2243 287 2323; x_wconf 83' lang='grc' dir='ltr'><strong><em>λ</em></strong></span> <span class='ocrx_word' id='word_1_201' title='bbox 295 2278 303 2294; x_wconf 85' lang='grc'><em>·</em></span> <span class='ocrx_word' id='word_1_202' title='bbox 330 2255 386 2323; x_wconf 84' lang='grc' dir='ltr'><strong><em>καὶ</em></strong></span> <span class='ocrx_word' id='word_1_203' title='bbox 414 2255 546 2342; x_wconf 80' lang='grc' dir='ltr'><strong><em>ἐφεξής,</em></strong></span> <span class='ocrx_word' id='word_1_204' title='bbox 575 2258 725 2341; x_wconf 75' lang='grc' dir='ltr'><strong><em>τετράκις</em></strong></span> <span class='ocrx_word' id='word_1_205' title='bbox 751 2267 812 2322; x_wconf 88' lang='grc' dir='ltr'><strong><em>τοῦ</em></strong></span> <span class='ocrx_word' id='word_1_206' title='bbox 839 2259 996 2322; x_wconf 80' lang='grc' dir='ltr'><strong><em>τοιούτου</em></strong></span> <span class='ocrx_word' id='word_1_207' title='bbox 1018 2257 1201 2342; x_wconf 80' lang='grc' dir='ltr'><em>γινομένου</em></span> 
     </span>
     <span class='ocr_line' id='line_1_21' title="bbox 143 2362 1203 2452; baseline 0.002 -24"><span class='ocrx_word' id='word_1_208' title='bbox 143 2389 169 2428; x_wconf 81' lang='lat'><strong><em>20</em></strong></span> <span class='ocrx_word' id='word_1_209' title='bbox 184 2365 221 2430; x_wconf 83' lang='grc' dir='ltr'><strong><em>ἐν</em></strong></span> <span class='ocrx_word' id='word_1_210' title='bbox 243 2376 313 2442; x_wconf 82' lang='grc' dir='ltr'><strong><em>τοῖς</em></strong></span> <span class='ocrx_word' id='word_1_211' title='bbox 335 2364 514 2451; x_wconf 82' lang='grc' dir='ltr'><strong><em>τέσσαρσιν</em></strong></span> <span class='ocrx_word' id='word_1_212' title='bbox 538 2364 711 2450; x_wconf 78' lang='grc' dir='ltr'><strong><em>ἀριθμοῖς,</em></strong></span> <span class='ocrx_word' id='word_1_213' title='bbox 740 2365 850 2450; x_wconf 80' lang='grc' dir='ltr'><strong><em>ὥσπερ</em></strong></span> <span class='ocrx_word' id='word_1_214' title='bbox 877 2362 932 2428; x_wconf 87' lang='grc' dir='ltr'><strong><em>καλ</em></strong></span> <span class='ocrx_word' id='word_1_215' title='bbox 960 2363 996 2429; x_wconf 82' lang='grc' dir='ltr'><strong><em>έν</em></strong></span> <span class='ocrx_word' id='word_1_216' title='bbox 1018 2377 1089 2443; x_wconf 79' lang='grc' dir='ltr'><strong><em>τοῖς</em></strong></span> <span class='ocrx_word' id='word_1_217' title='bbox 1112 2363 1203 2452; x_wconf 79' lang='grc' dir='ltr'><strong><em>τρισὶ</em></strong></span> 
     </span>
     <span class='ocr_line' id='line_1_22' title="bbox 183 2469 1202 2558; baseline 0.001 -22"><span class='ocrx_word' id='word_1_218' title='bbox 183 2474 272 2558; x_wconf 86' lang='grc' dir='ltr'><strong><em>τρίς·</em></strong></span> <span class='ocrx_word' id='word_1_219' title='bbox 300 2469 356 2536; x_wconf 85' lang='grc' dir='ltr'><strong><em>καὶ</em></strong></span> <span class='ocrx_word' id='word_1_220' title='bbox 383 2472 446 2557; x_wconf 77' lang='grc' dir='ltr'><strong><em>γὰρ</em></strong></span> <span class='ocrx_word' id='word_1_221' title='bbox 475 2469 530 2536; x_wconf 85' lang='grc' dir='ltr'><strong><em>κοιλ</em></strong></span> <span class='ocrx_word' id='word_1_222' title='bbox 559 2470 595 2536; x_wconf 80' lang='grc' dir='ltr'><strong><em>ἐν</em></strong></span> <span class='ocrx_word' id='word_1_223' title='bbox 619 2482 689 2548; x_wconf 76' lang='grc' dir='ltr'><strong><em>τοῖς</em></strong></span> <span class='ocrx_word' id='word_1_224' title='bbox 711 2469 808 2536; x_wconf 85' lang='grc' dir='ltr'><strong><em>πέντε</em></strong></span> <span class='ocrx_word' id='word_1_225' title='bbox 831 2471 984 2548; x_wconf 76' lang='grc' dir='ltr'><strong><em>πεντάκις</em></strong></span> <span class='ocrx_word' id='word_1_226' title='bbox 1008 2473 1118 2537; x_wconf 81' lang='grc' dir='ltr'><strong><em>ἔσται·</em></strong></span> <span class='ocrx_word' id='word_1_227' title='bbox 1147 2470 1202 2537; x_wconf 86' lang='grc' dir='ltr'><strong><em>κοιλ</em></strong></span> 
     </span>
     <span class='ocr_line' id='line_1_23' title="bbox 186 2576 312 2662; baseline -0.056 0"><span class='ocrx_word' id='word_1_228' title='bbox 186 2576 312 2662; x_wconf 71' lang='lat'><em>666·</em></span> 
     </span>
     <span class='ocr_line' id='line_1_24' title="bbox 243 2679 1202 2770; baseline 0.003 -22.035"><span class='ocrx_word' id='word_1_229' title='bbox 243 2681 293 2748; x_wconf 91' lang='grc' dir='ltr'><strong>Ἢ</strong></span> <span class='ocrx_word' id='word_1_230' title='bbox 311 2682 423 2748; x_wconf 86' lang='grc' dir='ltr'><strong><em>καλ</em></strong></span> <span class='ocrx_word' id='word_1_231' title='bbox 389 2684 507 2761; x_wconf 76' lang='grc' dir='ltr'><strong><em>οὑτως</em></strong></span> <span class='ocrx_word' id='word_1_232' title='bbox 532 2679 636 2749; x_wconf 79' lang='grc' dir='ltr'><strong><em>ἐὰν</em></strong></span> <span class='ocrx_word' id='word_1_233' title='bbox 615 2701 677 2749; x_wconf 87' lang='grc' dir='ltr'><strong><em>ωσι</em></strong></span> <span class='ocrx_word' id='word_1_234' title='bbox 702 2684 764 2748; x_wconf 88' lang='grc' dir='ltr'><strong><em>ιλὺο</em></strong></span> <span class='ocrx_word' id='word_1_235' title='bbox 788 2681 928 2768; x_wconf 77' lang='grc' dir='ltr'><strong><em>ἀριθμοὶ</em></strong></span> <span class='ocrx_word' id='word_1_236' title='bbox 951 2684 1138 2770; x_wconf 83' lang='grc' dir='ltr'><strong><em>ὁποιοιοῦν,</em></strong></span> <span class='ocrx_word' id='word_1_237' title='bbox 1164 2688 1202 2751; x_wconf 92' lang='grc' dir='ltr'><strong><em>τὸ</em></strong></span> 
     </span>
     <span class='ocr_line' id='line_1_25' title="bbox 185 2787 1201 2875; baseline 0.001 -20"><span class='ocrx_word' id='word_1_238' title='bbox 185 2791 265 2855; x_wconf 88' lang='grc' dir='ltr'><strong><em>αὐτὸ</em></strong></span> <span class='ocrx_word' id='word_1_239' title='bbox 295 2788 528 2855; x_wconf 80' lang='grc' dir='ltr'><strong><em>συντεθέντων</em></strong></span> <span class='ocrx_word' id='word_1_240' title='bbox 553 2790 665 2855; x_wconf 84' lang='grc' dir='ltr'><strong><em>αὐτῶν</em></strong></span> <span class='ocrx_word' id='word_1_241' title='bbox 693 2792 785 2855; x_wconf 80' lang='grc' dir='ltr'><strong><em>ἔσται</em></strong></span> <span class='ocrx_word' id='word_1_242' title='bbox 812 2789 973 2874; x_wconf 87' lang='grc' dir='ltr'><strong><em>ήμισν,</em></strong></span> <span class='ocrx_word' id='word_1_243' title='bbox 958 2814 975 2855; x_wconf 94' lang='grc' dir='ltr'><strong><em>ο</em></strong></span> <span class='ocrx_word' id='word_1_244' title='bbox 1005 2787 1094 2875; x_wconf 88' lang='grc' dir='ltr'><strong><em>ιλή</em></strong></span> <span class='ocrx_word' id='word_1_245' title='bbox 1075 2816 1118 2875; x_wconf 89' lang='grc' dir='ltr'><strong><em>ην</em></strong></span> <span class='ocrx_word' id='word_1_246' title='bbox 1145 2790 1201 2858; x_wconf 81' lang='grc' dir='ltr'><strong><em>κοιλ</em></strong></span> 
     </span>
     <span class='ocr_line' id='line_1_26' title="bbox 144 2889 1202 2981; baseline 0.005 -22"><span class='ocrx_word' id='word_1_247' title='bbox 144 2919 169 2960; x_wconf 82' lang='grc' dir='ltr'><strong><em>ιι</em></strong></span> <span class='ocrx_word' id='word_1_248' title='bbox 184 2898 323 2981; x_wconf 84' lang='grc' dir='ltr'><strong><em>μεταξύ</em></strong></span> <span class='ocrx_word' id='word_1_249' title='bbox 352 2889 426 2962; x_wconf 83' lang='grc' dir='ltr'><strong><em>οἷον</em></strong></span> <span class='ocrx_word' id='word_1_250' title='bbox 450 2899 532 2962; x_wconf 78' lang='grc' dir='ltr'><strong><em>ἔστω</em></strong></span> <span class='ocrx_word' id='word_1_251' title='bbox 558 2899 578 2962; x_wconf 85' lang='lat'><strong><em>6</em></strong></span> <span class='ocrx_word' id='word_1_252' title='bbox 600 2894 696 2961; x_wconf 88' lang='grc' dir='ltr'><strong><em>κοιλ</em></strong></span> <span class='ocrx_word' id='word_1_253' title='bbox 678 2916 711 2960; x_wconf 97' lang='grc' dir='ltr'><strong><em>ι</em></strong></span> <span class='ocrx_word' id='word_1_254' title='bbox 736 2896 954 2974; x_wconf 84' lang='grc' dir='ltr'><strong><em>συντεθέντες</em></strong></span> <span class='ocrx_word' id='word_1_255' title='bbox 974 2900 1126 2980; x_wconf 78' lang='grc' dir='ltr'><strong><em>γίνονται</em></strong></span> <span class='ocrx_word' id='word_1_256' title='bbox 1151 2902 1202 2965; x_wconf 92' lang='grc' dir='ltr'><strong><em>ιιλ·</em></strong></span> 
     </span>
     <span class='ocr_line' id='line_1_27' title="bbox 183 3001 1200 3088; baseline 0.007 -23"><span class='ocrx_word' id='word_1_257' title='bbox 183 3003 312 3068; x_wconf 85' lang='grc' dir='ltr'><strong><em>τούτων</em></strong></span> <span class='ocrx_word' id='word_1_258' title='bbox 334 3005 373 3067; x_wconf 92' lang='grc' dir='ltr'><strong><em>τὸ</em></strong></span> <span class='ocrx_word' id='word_1_259' title='bbox 396 3004 499 3087; x_wconf 84' lang='grc' dir='ltr'><strong><em>ήμισύ</em></strong></span> <span class='ocrx_word' id='word_1_260' title='bbox 523 3001 614 3068; x_wconf 83' lang='grc' dir='ltr'><strong><em>ἐστιν</em></strong></span> <span class='ocrx_word' id='word_1_261' title='bbox 637 3004 655 3070; x_wconf 98' lang='lat'><strong><em>6</em></strong></span> <span class='ocrx_word' id='word_1_262' title='bbox 680 3007 708 3082; x_wconf 85' lang='lat'><strong><em>6·</em></strong></span> <span class='ocrx_word' id='word_1_263' title='bbox 738 3002 822 3069; x_wconf 82' lang='lat'><em>6666</em></span> <span class='ocrx_word' id='word_1_264' title='bbox 843 3001 899 3069; x_wconf 85' lang='grc' dir='ltr'><strong><em>καὶ</em></strong></span> <span class='ocrx_word' id='word_1_265' title='bbox 922 3005 959 3070; x_wconf 86' lang='grc' dir='ltr'><strong><em>τὸ</em></strong></span> <span class='ocrx_word' id='word_1_266' title='bbox 988 3006 1109 3088; x_wconf 84' lang='grc' dir='ltr'><strong><em>μεταξὺ</em></strong></span> <span class='ocrx_word' id='word_1_267' title='bbox 1132 3019 1200 3072; x_wconf 85' lang='grc' dir='ltr'><strong><em>τῶν</em></strong></span> 
     </span>
     <span class='ocr_line' id='line_1_28' title="bbox 185 3094 1201 3199; baseline 0.005 -26"><span class='ocrx_word' id='word_1_268' title='bbox 185 3094 205 3173; x_wconf 90' lang='grc' dir='ltr'><strong><em>ιλ</em></strong></span> <span class='ocrx_word' id='word_1_269' title='bbox 232 3106 328 3172; x_wconf 84' lang='grc' dir='ltr'><strong><em>κοιλῖ</em></strong></span> <span class='ocrx_word' id='word_1_270' title='bbox 356 3110 373 3175; x_wconf 93' lang='lat'><em>6</em></span> <span class='ocrx_word' id='word_1_271' title='bbox 402 3110 501 3186; x_wconf 81' lang='grc' dir='ltr'><strong><em>αὑτὸς</em></strong></span> <span class='ocrx_word' id='word_1_272' title='bbox 528 3105 571 3193; x_wconf 84' lang='grc' dir='ltr'><strong><em>ήν</em></strong></span> <span class='ocrx_word' id='word_1_273' title='bbox 594 3095 627 3188; x_wconf 82' lang='lat'><strong><em>6·</em></strong></span> <span class='ocrx_word' id='word_1_274' title='bbox 661 3110 755 3187; x_wconf 80' lang='grc' dir='ltr'><strong><em>ὅσαις</em></strong></span> <span class='ocrx_word' id='word_1_275' title='bbox 782 3112 845 3196; x_wconf 75' lang='grc' dir='ltr'><strong><em>γὰρ</em></strong></span> <span class='ocrx_word' id='word_1_276' title='bbox 878 3111 1021 3195; x_wconf 82' lang='grc' dir='ltr'><strong><em>μονάσιν</em></strong></span> <span class='ocrx_word' id='word_1_277' title='bbox 1049 3112 1201 3199; x_wconf 82' lang='grc' dir='ltr'><strong><em>ὑπερέχει</em></strong></span> 
     </span>
     <span class='ocr_line' id='line_1_29' title="bbox 184 3200 1201 3303; baseline 0.006 -24"><span class='ocrx_word' id='word_1_278' title='bbox 184 3224 245 3280; x_wconf 85' lang='grc' dir='ltr'><strong><em>τοῦ</em></strong></span> <span class='ocrx_word' id='word_1_279' title='bbox 268 3200 291 3279; x_wconf 87' lang='lat'><strong><em>6</em></strong></span> <span class='ocrx_word' id='word_1_280' title='bbox 311 3216 329 3282; x_wconf 94' lang='lat'><strong><em>6</em></strong></span> <span class='ocrx_word' id='word_1_281' title='bbox 353 3201 386 3300; x_wconf 87' lang='lat'><strong><em>6,</em></strong></span> <span class='ocrx_word' id='word_1_282' title='bbox 408 3217 585 3293; x_wconf 81' lang='grc' dir='ltr'><strong><em>τοσαύταις</em></strong></span> <span class='ocrx_word' id='word_1_283' title='bbox 607 3216 663 3281; x_wconf 82' lang='grc' dir='ltr'><strong><em>καὶ</em></strong></span> <span class='ocrx_word' id='word_1_284' title='bbox 687 3217 745 3282; x_wconf 93' lang='grc' dir='ltr'>ὁ</span> <span class='ocrx_word' id='word_1_285' title='bbox 729 3242 742 3280; x_wconf 96' lang='grc' dir='ltr'><strong><em>ι</em></strong></span> <span class='ocrx_word' id='word_1_286' title='bbox 764 3227 825 3282; x_wconf 90' lang='grc' dir='ltr'><strong><em>τοῦ</em></strong></span> <span class='ocrx_word' id='word_1_287' title='bbox 850 3203 878 3296; x_wconf 89' lang='lat'><strong><em>6.</em></strong></span> <span class='ocrx_word' id='word_1_288' title='bbox 908 3216 975 3282; x_wconf 86' lang='grc' dir='ltr'><strong><em>κοιλ</em></strong></span> <span class='ocrx_word' id='word_1_289' title='bbox 981 3219 1048 3303; x_wconf 86' lang='grc' dir='ltr'><strong><em>μήν</em></strong></span> <span class='ocrx_word' id='word_1_290' title='bbox 1068 3218 1159 3286; x_wconf 74' lang='lat'><em>666’</em></span> <span class='ocrx_word' id='word_1_291' title='bbox 1144 3223 1201 3286; x_wconf 84' lang='grc' dir='ltr'><strong><em>εὰν</em></strong></span> 
     </span>
     <span class='ocr_line' id='line_1_30' title="bbox 187 3319 1200 3411; baseline 0.004 -23"><span class='ocrx_word' id='word_1_292' title='bbox 187 3319 270 3388; x_wconf 86' lang='grc' dir='ltr'><strong><em>ὦσιν</em></strong></span> <span class='ocrx_word' id='word_1_293' title='bbox 290 3321 429 3409; x_wconf 80' lang='grc' dir='ltr'><strong><em>ἀριθμοὶ</em></strong></span> <span class='ocrx_word' id='word_1_294' title='bbox 448 3324 630 3390; x_wconf 83' lang='grc' dir='ltr'><strong><em>ὁποσοιοῦν</em></strong></span> <span class='ocrx_word' id='word_1_295' title='bbox 649 3323 874 3407; x_wconf 78' lang='grc' dir='ltr'><strong><em>ἐκτεθειμένοι</em></strong></span> <span class='ocrx_word' id='word_1_296' title='bbox 891 3348 952 3390; x_wconf 82' lang='grc' dir='ltr'><strong><em>ιιιιτ</em></strong></span> <span class='ocrx_word' id='word_1_297' title='bbox 955 3323 1200 3411; x_wconf 84' lang='grc' dir='ltr'><strong><em>’ἀριθμητικήν</em></strong></span> 
     </span>
     <span class='ocr_line' id='line_1_31' title="bbox 145 3428 1199 3517; baseline 0.007 -26"><span class='ocrx_word' id='word_1_298' title='bbox 145 3453 172 3492; x_wconf 80' lang='grc' dir='ltr'><strong><em>ιο</em></strong></span> <span class='ocrx_word' id='word_1_299' title='bbox 187 3428 300 3513; x_wconf 91' lang='grc' dir='ltr'><strong><em>μέντοι</em></strong></span> <span class='ocrx_word' id='word_1_300' title='bbox 319 3430 554 3515; x_wconf 75' lang='grc' dir='ltr'><strong><em>ἀναλοχιοιν,”</em></strong></span> <span class='ocrx_word' id='word_1_301' title='bbox 531 3448 613 3495; x_wconf 84' lang='grc' dir='ltr'><strong><em>οιστε</em></strong></span> <span class='ocrx_word' id='word_1_302' title='bbox 633 3431 726 3507; x_wconf 81' lang='grc' dir='ltr'><strong><em>ὅσαις</em></strong></span> <span class='ocrx_word' id='word_1_303' title='bbox 745 3432 814 3515; x_wconf 84' lang='grc' dir='ltr'><strong><em>μθιλ</em></strong></span> <span class='ocrx_word' id='word_1_304' title='bbox 834 3431 910 3515; x_wconf 71' lang='grc' dir='ltr'><strong><em>βθθ</em></strong></span> <span class='ocrx_word' id='word_1_305' title='bbox 893 3431 1044 3517; x_wconf 80' lang='grc' dir='ltr'><strong><em>ὑπερέχει</em></strong></span> <span class='ocrx_word' id='word_1_306' title='bbox 1062 3442 1124 3498; x_wconf 86' lang='grc' dir='ltr'><strong><em>τοῦ</em></strong></span> <span class='ocrx_word' id='word_1_307' title='bbox 1142 3443 1199 3515; x_wconf 85' lang='grc' dir='ltr'><strong><em>αθθ,</em></strong></span> 
     </span>
     <span class='ocr_line' id='line_1_32' title="bbox 184 3535 1199 3625; baseline 0.005 -25"><span class='ocrx_word' id='word_1_308' title='bbox 184 3538 359 3613; x_wconf 84' lang='grc' dir='ltr'><strong><em>τοσαύταις</em></strong></span> <span class='ocrx_word' id='word_1_309' title='bbox 387 3536 559 3624; x_wconf 78' lang='grc' dir='ltr'><strong><em>ὑπερέχειν</em></strong></span> <span class='ocrx_word' id='word_1_310' title='bbox 582 3535 638 3601; x_wconf 84' lang='grc' dir='ltr'><strong><em>καὶ</em></strong></span> <span class='ocrx_word' id='word_1_311' title='bbox 661 3539 721 3603; x_wconf 90' lang='grc' dir='ltr'><strong><em>τὸν</em></strong></span> <span class='ocrx_word' id='word_1_312' title='bbox 744 3547 791 3622; x_wconf 78' lang='grc' dir='ltr'><strong><em>χθθ</em></strong></span> <span class='ocrx_word' id='word_1_313' title='bbox 814 3547 875 3604; x_wconf 86' lang='grc' dir='ltr'><strong><em>τοῦ</em></strong></span> <span class='ocrx_word' id='word_1_314' title='bbox 897 3542 963 3622; x_wconf 85' lang='grc' dir='ltr'><strong><em>βθθ,</em></strong></span> <span class='ocrx_word' id='word_1_315' title='bbox 990 3537 1045 3604; x_wconf 85' lang='grc' dir='ltr'><strong><em>κοιλ</em></strong></span> <span class='ocrx_word' id='word_1_316' title='bbox 1073 3538 1199 3625; x_wconf 79' lang='grc' dir='ltr'><strong><em>ἐφεξῆς,</em></strong></span> 
     </span>
    </p>
   </div>
   <div class='ocr_carea' id='block_1_5' title="bbox 0 0 1292 3980">
    <p class='ocr_par' dir='ltr' id='par_1_5' title="bbox 0 0 1292 3980">
     <span class='ocr_line' id='line_1_33' title="bbox 0 0 1292 3980; baseline 0 0"><span class='ocrx_word' id='word_1_317' title='bbox 0 0 1292 3980; x_wconf 95' lang='lat' dir='ltr'><strong><em> </em></strong></span> 
     </span>
    </p>
   </div>
  </div>
 </body>
</html>
