2578 3984
200 215 263 278 132
468 211 627 268 SCHOLIA
644 212 684 266 IN
702 211 955 267 DIOPHANTUM.

199 381 313 463 ἔχουσι
335 380 414 454 τοὺς
436 377 684 476 ὑποβεβηκότας
707 375 821 452 αὐτοῖς
841 375 931 440 ὅσων
949 376 1109 460 μονάδων
1129 376 1223 442 ἐστὶν

199 485 345 562 ἕκαστος·
371 483 388 549 ὁ
408 479 469 569 μὲν
488 484 509 548 δ
527 487 795 569 τετραπλασίους,
816 481 833 547 ὁ
853 479 890 548 δὲ
908 487 1221 568 επενταπλασίους,

198 589 254 657 καὶ
277 589 403 676 ἐφεξῆς.

472 768 534 833 AD
558 765 884 833 DEFINITIONEM
908 767 948 833 V.

173 936 186 976 τ
267 910 372 994 <ΙΑ>.
409 915 492 987 Πᾶς
515 909 687 996 ἀριθμὸς
709 907 772 975 ἐπὶ
794 909 837 974 τὸ
861 908 1074 994 ὁμώνυμον
1099 910 1224 976 αὐτοῦ

198 1022 341 1104 μόριον
363 1015 761 1093 πολλαπλασιασθεὶς
784 1016 938 1100 μονάδα
960 1027 1077 1082 ποιεί.

257 1123 366 1189 Ἔστω
391 1123 534 1209 ἀριθμὸς
558 1122 576 1188 ὁ
600 1109 622 1188 δ
644 1121 757 1189 καὶτὸ
777 1123 957 1207 ὁμώνυμον
977 1123 1083 1188 αὐτοῦ
1102 1126 1225 1210 μόριον

198 1233 236 1298 τὸ
261 1232 317 1296 δον.
355 1229 413 1296 ἐάν
433 1224 496 1295 οὖν
515 1230 808 1316 πολλαπλασιάσης
825 1231 863 1295 τὸ
880 1215 905 1294 δ
923 1227 976 1294 ἐπὶ
995 1231 1033 1295 τὸ
1053 1231 1112 1314 δυ’,
1132 1233 1226 1297 ἔσται

199 1338 316 1424 μονάς·
342 1338 399 1402 δ”ἳ
420 1339 484 1423 γάρ
508 1339 545 1403 τὸ
570 1339 628 1421 δον,
652 1338 757 1422 μονάς
780 1337 854 1420 ἤτοι
877 1335 927 1401 ἕν·
960 1338 1065 1421 μονάς
1087 1339 1152 1425 γὰρ
1177 1341 1227 1417 είς

160 1470 186 1510 ιο
210 1503 225 1531 α
255 1452 268 1508 ξ
309 1475 319 1502 ε
405 1456 417 1509 ζ
506 1488 522 1545 χ
550 1445 589 1544 δα
616 1451 795 1529 τμηθεῖσα,
823 1444 885 1509 οὐκ
913 1445 960 1521 είς
987 1446 1128 1510 πλείονα
1155 1456 1226 1511 τῶν

552 1553 573 1616 δ
591 1554 809 1636 τμηθήσεται·
829 1550 951 1634 ὁμοίως
970 1551 1018 1627 είς
1032 1561 1076 1634 εα,
1096 1551 1159 1617 οὐκ
1178 1554 1227 1630 είς

506 1694 524 1734 μ
550 1661 689 1723 πλείονα
703 1656 724 1740 ἢ
739 1656 897 1723 ἐλάττονα
906 1666 974 1722 τῶν
983 1666 1013 1721 ἓ·
1026 1655 1081 1722 καὶ
1096 1657 1226 1744 ἐφεξῆς.

610 1762 684 1829 Ἵνα
703 1761 741 1829 δὲ
758 1761 813 1828 καὶ
833 1760 885 1828 ἐπὶ
903 1764 1153 1848 διαγράμματος
1168 1767 1227 1850 δῆ-

266 1882 520 1909 “’“-“ν
552 1876 613 1936 λον
626 1862 648 1956 ᾖ
660 1871 698 1936 τὸ
710 1872 902 1954 λεγόμενον,
917 1869 1147 1937 ἐκκείσθωσαν
1162 1874 1227 1938 δύο

409 1897 412 2073 λ
553 1976 682 2042 εὐθεῖαι
700 1977 783 2058 πρὸς
802 1976 919 2062 ὀρθάς,
943 1978 964 2062 ἢ
983 2001 1018 2043 τε
1039 1983 1101 2043 ΑΒ
1125 1977 1182 2045 καλ
1205 1979 1226 2063 ἡ

552 2086 624 2165 ΑΓ,
634 2079 690 2148 καὶ
700 2085 783 2147 ἔστω
794 2080 931 2169 ἑκατέρα
940 2085 1101 2169 μονάδων
1110 2097 1226 2171 τριῶν,

200 2190 1227 2277 καὶτετμησθωσανείςτάςμονάδαςτάςΑΕ,ΕΖ,ΖΒ,καλείς

200 2301 500 2384 τάςΑΗ,ΗΘ,ΘΓ·
511 2295 566 2363 καὶ
575 2296 824 2380 ἀναγεγράφθω
833 2294 887 2360 ἀπ’
898 2296 1227 2384 αὐτῶντετράχωνον

200 2408 238 2473 τὸ
253 2413 285 2472 Α
291 2409 319 2470 Β
325 2408 391 2470 ΓΛ
396 2454 405 2488 ,
426 2404 482 2470 καὶ
501 2403 564 2469 άπὸ
579 2399 640 2488 μὲν
655 2412 722 2467 τῶν
736 2407 768 2466 Ε
786 2400 841 2468 καὶ
856 2408 883 2467 Ζ
897 2408 1045 2488 σημείων
1064 2406 1227 2490 ἤχθωσαν

163 2535 189 2574 εο
202 2522 242 2599 τῇ
266 2515 335 2578 ΑΓ
353 2513 560 2599 παράλληλοι
582 2511 603 2594 ἥ
626 2533 661 2574 τε
684 2513 755 2574 ΕΚ
773 2508 828 2575 καὶ
853 2515 927 2592 ΖΛ,
952 2511 1015 2577 άπὸ
1040 2509 1078 2578 δὲ
1101 2525 1173 2579 τῶν
1195 2520 1231 2580 Η

201 2618 256 2685 καὶ
280 2623 309 2684 Θ
331 2629 370 2703 τῆ
395 2623 462 2683 AB
485 2618 691 2703 παράλληλοι
714 2617 735 2700 ἤ
759 2640 795 2682 τε
817 2620 902 2680 ΗΜ
919 2615 974 2682 καλ
999 2622 1075 2683 ΘΝ.

268 2729 384 2808 Δῆλον
399 2719 462 2790 οὖν
476 2725 527 2790 ὄτι
541 2725 578 2788 τὸ
593 2724 673 2788 ὅλον
688 2723 897 2807 τετράγωνον
912 2725 1071 2808 μονάδων
1084 2726 1228 2812 γέγονεν

201 2830 311 2916 ἐννέα,
329 2830 470 2897 ἕκαστον
490 2827 526 2896 δὲ
546 2840 614 2894 τῶν
633 2832 706 2894 ΑΚ
721 2827 776 2894 καὶ
791 2832 865 2913 ΚΖ,
886 2835 952 2894 ΖΔ
970 2834 1105 2916 χωρίων
1125 2845 1228 2918 τριῶν

201 2939 359 3024 μονάδων
392 2936 490 3003 ἐστίν.
539 2937 737 3020 άπειληφθω
777 2936 817 3018 δὴ
850 2937 887 3001 τὸ
921 2941 1036 3021 τρίτον
1069 2948 1127 3023 τῆς
1161 2945 1230 3005 ΑΕ

162 3066 188 3107 ετ
202 3045 337 3122 εὐθείας
373 3041 428 3109 καλ
465 3047 548 3109 ἔστω
583 3043 621 3108 τὸ
649 3043 726 3118 ΑΞ·
759 3039 814 3108 ααλ
847 3042 910 3107 ἀπὸ
940 3053 1002 3108 τοῦ
1029 3045 1060 3119 Ξ
1086 3050 1229 3130 σημείου

202 3155 297 3236 ἤχθω
331 3151 542 3235 παράλληλος
572 3158 613 3236 τη
646 3152 716 3214 ΑΓ
742 3149 762 3233 ἡ
790 3149 869 3224 ΞΟ·
901 3148 957 3215 καὶ
989 3153 1058 3216 ἔστι
1091 3155 1130 3218 τὸ
1161 3159 1229 3220 ΑΟ

201 3261 328 3343 χωρίον
350 3261 464 3344 τρίτον
487 3266 549 3322 τοῦ
572 3261 654 3320 ΑΚ·
685 3259 799 3340 τρίτον
822 3257 885 3340 γάρ
908 3266 966 3341 τῆς
989 3262 1059 3323 ΑΕ
1080 3259 1228 3344 εὐθείας,
1279 3261 1281 3284 ²

203 3363 262 3448 ἀφ’
284 3360 323 3449 ἧς
340 3365 378 3431 τὸ
398 3368 477 3448 ΑΚ,
497 3360 676 3448 ηνὴΑΞ·
699 3358 743 3446 ἣν
762 3359 799 3428 δὲ
819 3362 899 3427 ὅλον
917 3364 955 3428 τὸ
975 3368 1049 3429 ΑΚ
1067 3368 1228 3451 μονάδων
1278 3403 1280 3464 χ

1278 3477 1279 3526 λ

161 2002 187 2042 15

213 2045 500 2085 λ-.,..-....

273 3599 307 3647 20
326 3600 374 3663 της
393 3597 450 3648 ΑΓ.
516 3598 550 3648 28
570 3589 623 3661 ἀφ’
644 3586 689 3663 ἧς]
710 3587 757 3662 ἐφ’
778 3586 811 3658 ἧς
830 3592 875 3662 X„
895 3590 996 3648 melius
1015 3592 1090 3648 foret
1109 3593 1164 3665 ὑφ’
1185 3591 1227 3663 ἧς.
1277 3583 1279 3623 ⁴
