2578 3984
196 193 259 258 116
436 192 687 249 PACHYMERAE
706 191 963 248 PARAPHRASIS.

197 367 270 442 μῶν
294 357 312 422 6
336 357 435 433 αὐτὸς
468 356 640 434 διπλάσιος
672 359 770 440 λόγος
802 359 957 439 ζητεῖται,
990 356 1151 441 ἄρχονται
1180 357 1214 420 οί

197 462 336 549 ἀριθμοὶ
365 465 401 529 oc
425 458 487 548 μὲν
513 466 659 547 μείζονες
686 463 750 528 άπὸ
778 471 800 546 τ’]
826 463 908 527 κατὰ
939 462 1114 548 προκοπὴν
1144 474 1211 528 τῶν

196 569 330 656 ἀρτίων,
360 571 396 635 oc
416 566 453 635 δὲ
476 569 632 648 ἐλάττους
659 569 723 635 ἀπὸ
752 567 891 646 ἕπτάδος
913 569 949 634 οί
969 579 1122 654 συνεχεῖς
1143 580 1211 634 τῶν

196 676 366 762 ἀριθμῶν,
400 668 486 742 οἷον·
518 687 555 760 ἦ,
576 680 602 756 ζ
630 680 658 760 ῐ,
676 685 711 760 ἦ·
737 661 847 762 ἶβ,θ·
871 661 975 760 ἶδ,ῖ·
997 676 1049 759 ῖξ,
1071 678 1124 759 ὧι,
1156 675 1211 742 καὶ

170 782 323 868 οέφεξῆς.
367 784 399 848 εί
425 779 463 848 δέ
490 782 523 862 ἐξ
547 782 753 867 ἀφαιρέσεως
778 792 837 866 τῆς
864 781 1019 866 έπτάδος,
1053 783 1212 867 άρχονται

197 890 233 954 oc
252 885 314 974 μὲν
336 892 467 972 μείζους
488 891 572 955 κατά
594 893 673 967 τοὺς
695 892 869 976 περιττοὺς
892 889 956 956 ἀπὸ
979 898 1040 955 τοῦ
1058 875 1096 973 θ,
1123 892 1160 956 oc
1175 888 1212 956 δὲ

197 995 352 1073 ἐλάττους
375 996 438 1062 ἀπὸ
461 1005 522 1064 τοῦ
540 1007 561 1081 τ’]
579 998 661 1062 κατά
684 998 720 1062 τὸ
743 1007 831 1082 χῦμα
854 1007 914 1062 τοῦ
932 996 1090 1083 ἀριθμοῦ.
1126 1000 1159 1063 εί
1176 995 1212 1063 δὲ

197 1102 261 1169 ἀπὸ
285 1102 463 1186 ὀγδοάδος,
492 1103 528 1169 ἐκ
550 1113 612 1170 τοῦ
638 1109 657 1169 i
680 1105 838 1188 ἀρχονται
862 1105 897 1168 οί
916 1105 1025 1188 ἀρτιοι
1049 1106 1086 1169 oc
1106 1107 1212 1189 μείζο-

196 1233 264 1294 νες,
288 1211 323 1274 οἱ
344 1206 381 1275 δὲ
404 1210 559 1289 ἐλάττους
582 1211 619 1276 ἐκ
641 1197 747 1278 τοῦθ
764 1212 846 1276 κατά
863 1211 901 1276 τὸ
920 1220 1008 1296 χῦμα
1026 1222 1095 1276 τῶν
1114 1211 1212 1297 ἀριθ-

159 1343 184 1381 ιο
198 1327 283 1401 μῶν·
307 1314 361 1381 καὶ
386 1316 491 1395 οὕτως
514 1316 638 1401 ἐφεξῆς.

259 1414 320 1487 Ὧν
347 1421 402 1488 καὶ
429 1435 497 1488 τῶν
524 1426 685 1508 μειζόνων
713 1427 823 1508 λόγων
850 1423 905 1490 καὶ
932 1436 1000 1491 τῶν
1026 1425 1213 1493 ἐλαττόνων

199 1529 593 1614 πολλαπλασιαζομένων,
617 1532 653 1596 oc
672 1533 735 1617 γάρ
759 1530 929 1616 πυθμένες
952 1527 1050 1598 οὗτοί
1069 1535 1151 1617 εἰσι,
1174 1534 1214 1598 τά

200 1637 284 1701 αάτά
311 1638 509 1720 γενήσονται
536 1637 807 1724 ἀπαραλλάκτως·
839 1639 884 1716 ὡς
915 1638 996 1724 φέρε
1026 1642 1134 1706 είπείν
1162 1637 1214 1707 ἐπὶ

201 1745 361 1826 ζητήσεως
389 1742 587 1822 ἑξαπλασίου
615 1747 695 1829 μετά
722 1747 783 1830 τὴν
806 1746 995 1831 ἀφαίρεσιν,
1021 1745 1214 1831 δεδομένων

161 1873 186 1913 15
201 1848 356 1933 ἀριθμῶν
386 1860 447 1916 τοῦ
475 1853 553 1938 τερ
580 1851 636 1918 καὶ
668 1862 728 1918 τοῦ
751 1856 782 1918 νἰ·
817 1853 1030 1937 λαμβάνομεν
1058 1855 1122 1937 γάρ
1156 1856 1214 1920 τὸν

200 1955 511 2025 ὑποπενταπλάσιον
542 1969 603 2025 τοῦ
636 1959 811 2037 ἐλάττονος
845 1957 899 2025 καὶ
931 1962 1023 2025 ἔστιν
1055 1960 1073 2026 6
1105 1945 1129 2025 δ
1161 1957 1215 2026 καὶ

201 2061 410 2148 ἀφαιροῦμεν
436 2073 556 2132 τοῦτον
585 2066 618 2146 ἐξ
646 2065 844 2152 ἀμφοτέρων
872 2064 927 2131 καὶ
958 2068 996 2142 oc
1024 2069 1217 2152 λειπόμενοι

202 2171 235 2237 ἴς
257 2167 312 2234 καὶ
334 2157 399 2239 E}-
428 2172 445 2237 6
467 2158 517 2242 g}
545 2169 582 2239 δέ
609 2175 693 2259 πρὸς
719 2175 778 2240 τὸν
802 2177 836 2242 ιξ
862 2171 1065 2252 ἕξαπλάσιος.
1103 2174 1150 2251 ὡς
1176 2173 1217 2239 ἀν

203 2273 239 2342 δὲ
257 2273 341 2362 μηδὲ
360 2277 397 2343 ἐν
412 2292 482 2357 τοῖς
496 2281 609 2358 ἀλλοις
628 2281 802 2365 άμεθόδως
819 2291 977 2365 ποιῶμεν,
998 2281 1051 2345 δεῖ
1068 2279 1218 2358 ἐξετάσαι

161 2409 188 2447 ιο
201 2393 303 2450 ταῦτα
326 2383 382 2450 καὶ
400 2383 453 2451 ἐπὶ
471 2395 529 2470 τῆς
547 2398 614 2453 τῶν
633 2392 759 2453 λοιπῶν
776 2392 1102 2471 πολλαπλασιασμῶν
1125 2389 1218 2472 ζητή-

202 2507 284 2568 σεως
306 2493 387 2575 μετὰ
409 2493 471 2578 τὴν
494 2493 672 2579 ἀφαίρεσιν
695 2503 755 2559 τοῦ
782 2503 900 2560 κοινοῦ
923 2494 1035 2570 αὐτοῖς
1058 2494 1219 2578 ἀριθμοῦ.

268 2605 335 2664 Δεῖ
360 2596 397 2664 δὲ
425 2601 462 2666 ἐν
484 2609 564 2665 πᾶσι
592 2601 723 2678 τούτοις
749 2601 809 2666 τὸν
837 2602 1017 2686 διδόμενον
1044 2603 1148 2684 λόγον
1173 2604 1222 2680 είς

204 2708 335 2790 ζήτησιν
359 2708 515 2790 δηλονότι
542 2710 675 2792 μείζονα
703 2703 789 2773 εἶναι
816 2716 877 2773 τοῦ
905 2710 1008 2792 λόγου
1037 2703 1078 2772 οὗ
1106 2711 1175 2794 ἔχει
1202 2709 1220 2774 6

203 2815 322 2896 μείζων
340 2822 407 2878 τῶν
427 2812 601 2879 δοθέντων
619 2815 702 2899 πρὸς
723 2816 783 2880 τὸν
802 2814 972 2880 ἐλάττονα·
997 2813 1050 2880 ἐπὶ
1068 2816 1133 2901 γάρ
1157 2826 1220 2882 τοῦ

164 2917 224 3004 εερ
247 2917 301 2984 καὶ
324 2929 385 2984 τοῦ
407 2922 442 3003 ιἰ,
465 2921 483 2986 6
507 2930 568 2987 τοῦ
591 2949 611 3010 ρ
633 2922 717 3007 πρὸς
739 2921 798 2987 τὸν
816 2923 837 2987 ἀ
855 2925 955 3005 λόγος
976 2921 1221 3000 πενταπλάσιός

204 3024 283 3108 ἐστι,
308 3026 326 3091 6
351 3023 388 3092 δέ
412 3029 586 3113 διδόμενος
610 3033 656 3107 είς
679 3029 878 3114 ἀναζήτησιν
901 3031 1000 3112 λόγος
1023 3026 1221 3106 έξαπλάσιός

206 3131 311 3198 ἐστιν·
334 3134 352 3199 6
377 3133 573 3215 ἑξαπλάσιος
595 3133 632 3202 δὲ
655 3140 775 3220 μείζων
799 3135 927 3220 λέγεται
949 3144 1011 3200 τοῦ
1033 3142 1220 3201 πενταπλα-

205 3243 291 3322 σίου,
316 3239 357 3305 οὐ
380 3243 463 3307 κατά
485 3244 546 3327 τὴν
569 3245 674 3327 φύσιν
696 3254 764 3308 τῶν
785 3255 906 3329 μερῶν,
930 3243 1013 3307 ἀλλά
1035 3243 1118 3307 κατὰ
1141 3245 1221 3320 τοὺς

207 3345 373 3430 ἀριθμοὺς
397 3349 518 3427 αὐτοὺς
540 3352 600 3415 τὸν
621 3353 643 3419 ξ
666 3347 721 3416 καὶ
744 3360 774 3415 ε·
797 3353 916 3434 μείζων
938 3351 1002 3435 γάρ
1027 3348 1044 3413 6
1069 3350 1088 3416 ξ
1111 3357 1173 3414 τοῦ
1193 3356 1221 3414 ε.

248 3505 473 3649 261111ι1ρραι11εᾷρι
492 3507 625 3576 suspicor.
769 3513 803 3561 22
822 3505 923 3578 Dioph.
941 3506 1031 3577 probl.
1051 3505 1077 3576 I,
1093 3511 1109 3562 9
1129 3507 1222 3578 (voLI

205 3591 231 3642 p.
283 3619 328 3645 ‚.
383 3610 412 3619 -
464 3621 470 3633 .
