2568 3980
393 215 545 272 SCHOLIA
563 216 603 271 IN
621 216 873 274 DIOPHANTUM.
1083 219 1147 284 139

127 379 287 465 μονάδων
302 375 398 463 οὖσα,
413 379 558 466 ἀριθμός
572 379 672 463 ἐστιν,
694 380 712 446 ὁ
728 377 765 446 δὲ
780 381 844 447 άπὸ
858 391 919 447 τοῦ
933 386 954 466 β
968 383 1148 465 γενόμενος

126 487 333 572 τετράγωνος
356 487 374 553 ὁ
396 471 419 552 δ
443 487 528 570 ἐστι,
559 488 734 573 διῃρήσθω
758 490 813 553 ιιαλ
836 488 857 572 ἡ
880 491 950 553 ΑΓ
972 489 1078 572 μονδις
1101 489 1148 565 εἰς

126 599 183 659 ἶσα
216 579 237 658 δ
264 591 414 678 τέταρτα,
445 593 485 657 τά
515 597 594 676 ΑΖ,
623 597 705 676 ΖΗ,
733 597 817 677 ΗΘ,
847 598 915 659 ΘΓ.
959 597 1051 659 ἔσται
1083 590 1147 660 οὖν

127 699 270 765 ἕκαστον
301 700 430 766 τούτων
462 699 609 783 μονάδος
641 697 816 785 τέταρτον,
848 699 903 766 καὶ
930 702 955 786 ’ἡ
985 705 1050 765 ΑΖ
1082 703 1147 787 άρα

127 809 340 892 δυναμοστόν
368 805 474 890 ἐστιν,
506 808 580 890 ἤτοι
607 806 754 891 μονάδος
783 809 839 873 δω.
875 805 931 873 καὶ
958 810 1053 893 ἤχθω
1082 807 1146 873 άπὸ
1174 829 1187 869 5

125 911 188 1000 μὲν
211 923 271 979 τοῦ
295 918 327 977 Ε
347 918 486 997 σημείου
509 914 719 999 παράλληλος
741 923 781 998 τῇ
804 917 874 980 ΑΓ
893 914 1010 1002 εὐθείᾳ
1029 915 1049 999 ἡ
1069 918 1145 998 ΕΚ,

126 1021 192 1086 άπὸ
221 1016 258 1085 δὲ
285 1024 404 1085 τῶνΖ
435 1018 491 1085 καὶ
514 1023 554 1084 Η
580 1017 635 1085 καὶ
664 1024 692 1085 Θ
719 1021 926 1106 παράλληλοι
955 1031 994 1107 τῇ
1018 1025 1083 1086 ΑΒ
1112 1023 1149 1086 αδ

127 1131 204 1211 ΖΛ,
224 1131 312 1210 ΗΜ,
333 1130 410 1192 ΘΝ.

192 1231 282 1299 Ἐπεὶ
306 1228 368 1299 οὖν
392 1233 473 1298 ὅλον
495 1234 533 1299 τὸ
551 1236 693 1298 ΑΒΓΔ
715 1236 737 1317 β
759 1236 918 1320 μονάδων
942 1233 1043 1319 ἐστίν,
1065 1233 1086 1318 ἡ
1109 1231 1146 1299 δὲ

126 1345 211 1406 ΗΜ
230 1342 307 1426 δίχα
329 1340 411 1406 αὐτὸ
435 1340 559 1425 τέμνει,
588 1342 626 1407 τὸ
650 1341 713 1426 άρα
737 1346 816 1407 ΑΜ
835 1342 1022 1426 μονάδοςᾶ
1046 1344 1145 1409 ἔσται.
1161 1364 1187 1403 10

127 1449 228 1513 πάλιν
251 1445 321 1513 ἐπεὶ
349 1448 386 1512 τὸ
410 1451 491 1513 ΑΜ
516 1448 663 1532 μονάδος
696 1446 765 1512 ἐστὶ
793 1456 829 1532 οῖ,
862 1449 883 1532 ἡ
914 1445 951 1514 δὲ
978 1453 1042 1513 ΖΛ
1071 1450 1147 1534 δίχα

127 1555 209 1620 αὐτὸ
232 1553 361 1639 τάμνει,
384 1553 422 1618 τὸ
446 1555 510 1640 άρα
533 1558 602 1618 ΑΛ
625 1552 769 1637 ἡμίσεως
792 1557 884 1620 ἔσται
907 1555 1067 1640 μονάδος·
1091 1553 1147 1620 ιιαλ

130 1659 293 1728 δέδεικται
317 1661 406 1738 ὅπως
428 1660 465 1725 τὸ
486 1662 698 1745 δυναμοστὸν
719 1659 772 1726 ἐπὶ
789 1661 849 1726 τὸν
870 1661 1027 1746 ἀριθμόν,
1051 1684 1147 1726 τουτ-

129 1769 198 1835 έστι
225 1769 263 1834 τὸ
292 1772 358 1833 ΑΖ
386 1765 439 1832 ἐπὶ
465 1768 527 1851 τὴν
554 1771 635 1850 ΑΒ,
665 1766 816 1833 τουτέστι
843 1769 881 1833 τὸ
905 1770 953 1833 3⁰*
976 1767 1029 1834 ἐπὶ
1051 1770 1092 1834 τά
1112 1753 1146 1851 δ,

128 1876 337 1962 άριθμοστὸν
360 1873 494 1958 ἐποίησε
516 1874 554 1939 τὸ
577 1879 646 1939 ΑΛ
671 1875 815 1940 δυοστὸν
839 1874 879 1940 δν
902 1876 1057 1960 μονάδος.
1161 1897 1187 1937 15

190 1980 329 2068 Ὁμοιως
353 1979 389 2046 σε
413 1980 468 2046 κα
491 1981 550 2046 ιιι
572 1983 610 2047 τὸ
634 1977 696 2066 μιν
719 1986 785 2046 Az
814 1983 1025 2067 δυναιοστὸν
1052 1980 1147 2068 νέαι

129 2089 149 2173 ἡ
179 2086 217 2155 δὲ
239 2095 306 2154 AB
335 2090 437 2172 κύβος
468 2089 542 2172 ἤτοι
574 2097 595 2173 ᾗ
628 2089 787 2173 μονάδων
818 2089 981 2174 ὑποτεθῇ,
1014 2091 1051 2156 τὸ
1079 2096 1148 2154 ΑΛ

128 2196 273 2282 ἀριθμὸς
296 2198 400 2261 ἔσται·
425 2195 537 2278 ἐπειδὴ
565 2196 629 2281 γάρ
652 2197 690 2260 τὸ
714 2199 783 2260 ΑΛ
806 2194 963 2279 τέταρτόν
991 2195 1060 2261 ἐστι
1086 2203 1148 2259 τοῦ
1190 2261 1193 2266 Δ

128 2307 283 2388 ΑΒΓΔ,
310 2302 480 2367 ὑπόκειται
505 2299 541 2367 δὲ
564 2311 629 2366 νῦν
651 2303 689 2366 τδ
708 2305 885 2387 Amr]
908 2302 1082 2387 μονάδων,
1109 2303 1147 2368 τὸ

127 2417 160 2475 A
166 2415 197 2476 Λ
221 2411 285 2497 άρα
308 2412 330 2493 β
353 2409 512 2494 μονάδων
534 2411 634 2474 ἔσται.
1161 2431 1187 2471 ω

395 2677 455 2742 AD
480 2672 805 2741 DEFINITIONEM
828 2673 884 2740 IX.

195 2839 252 2900 IZ.
290 2839 430 2914 Λεῖψις
463 2832 523 2900 ἐπὶ
557 2841 690 2914 λεϊιμιν
721 2839 1147 2900 πολλαπλασιασθεῖσα

126 2954 237 3007 ποιεῖ
270 2941 455 3028 ὕπαρξιν,
491 2947 622 3020 λεῖψις
659 2938 701 3008 δὲ
739 2941 800 3008 ἐπὶ
836 2941 1006 3027 ὕπαρξιν
1041 2952 1151 3007 ποιεῖ

127 3054 270 3127 λεῖψιν.

198 3157 269 3242 Οὐχ
293 3155 404 3235 ἁπλῶς
431 3162 542 3235 λεῖψιν
570 3153 673 3239 λέγει,
705 3156 749 3240 μὴ
778 3153 833 3221 καὶ
860 3153 1031 3240 ὑπάρξεως
1057 3179 1148 3231 τινος
1162 3177 1188 3218 τι

129 3263 248 3348 οὔσης,
273 3262 357 3329 ἀλλὰ
379 3261 521 3344 ὕπαρξιν
545 3265 689 3347 ἔχουσαν
712 3267 835 3342 λελψιν·
864 3263 909 3339 ὡς
932 3261 991 3328 ἐδιν
1014 3262 1148 3327 ὑποθω-

128 3376 218 3455 μεθα
251 3373 312 3437 τὸν
338 3361 386 3439 Εὖ*
418 3364 505 3435 εἶναι
533 3381 569 3454 μθ
585 3353 624 3453 δ,
657 3367 711 3435 καὶ
744 3379 859 3455 φῶμεν
892 3369 943 3434 δτι
975 3371 1058 3433 ἔστω
1091 3367 1148 3432 ὅδε

201 3605 219 3652 4
236 3599 369 3671 τέταρτον
388 3599 421 3668 Κ,
439 3596 574 3669 τετάρτου
593 3597 652 3654 alii.
