2570 3988
247 196 295 250 DE
314 196 527 252 DIOPHANTO
546 196 771 254 TESTIMONIA
788 198 974 258 VETERUM.
1073 202 1115 265 41

99 363 212 445 ήγουν
236 371 297 426 τοῦ
319 362 445 446 πάχους
467 362 709 446 τετραμώνισον
733 359 786 426 ἐπὶ
809 363 849 425 τδι
874 370 909 446 θ,
933 360 987 428 καὶ
1006 366 1117 447 γίνον-

98 491 156 533 ται
181 473 232 538 λς·
256 478 358 533 ταῦτα
382 466 435 534 ἐπὶ
457 470 494 534 τὸ
513 477 616 553 μήκος
633 471 673 533 τὰ
692 473 738 552 ιβ,
756 467 811 534 καὶ
829 471 980 601 νίνοντμι
999 471 1117 536 δάκτυ-

101 580 157 641 λοι
182 579 258 659 υλβ·
283 570 375 640 οὑτοι
400 572 439 640 δέ
460 577 524 640 εἰσι
546 561 700 652 πόδεςλ
724 577 893 641 τοσούτων
917 571 979 641 οὑν
1002 579 1116 644 ποδῶν

101 681 195 748 ε’στιν
218 682 239 765 ή
263 681 418 766 με’τρήσις
440 690 500 746 τοῦ
523 682 682 767 μειούρου
706 683 864 765 σώματος.

174 787 353 875 Φρέατοςῑ)
379 784 415 853 δδ
439 785 559 874 μέτρον
583 789 688 866 ούτιος
711 789 874 874 εὑρήσεις·
898 792 981 854 ἔστω
1002 793 1039 856 τὸ
1059 791 1116 874 βολ-
1144 817 1157 858 ε

100 904 167 974 θος
191 897 294 962 αὑτοῦ
317 897 433 961 ποδῶν
455 905 491 978 ἧ,
517 897 554 961 τὸ
583 893 621 961 δὲ
647 897 825 981 διάμετρον
848 905 908 962 τοῦ
931 898 1118 981 κενώματος

100 1004 218 1069 ποδῶν
246 988 283 1084 δ,
315 1005 353 1068 τὸ
382 999 419 1068 δὲ
446 1003 549 1086 πάχος
576 1004 679 1079 ποδὸς
709 1001 795 1080 ἑνός·
827 1004 1045 1070 διπλασιάσον
1074 1005 1115 1088 δή

102 1112 140 1175 τὸ
160 1110 275 1194 πάχος,
297 1107 351 1174 καὶ
370 1112 522 1192 γίνονται
540 1110 640 1186 πόδες
663 1093 697 1193 β
725 1111 873 1195 πρόσθες
899 1111 1038 1187 τούτους
1064 1108 1116 1176 ἐπὶ

100 1220 181 1294 τοὺς
201 1203 223 1281 δ
240 1224 300 1282 τοὺ
315 1217 512 1300 κενώματος,
530 1214 586 1281 καὶ
604 1219 755 1300 γίνονται
773 1220 805 1285 ξ·
824 1219 1116 1282 πολλαπλασίασον

100 1333 206 1388 ταῦτα
230 1317 282 1408 ἐφ’
303 1321 412 1405 ἑαυτό,
441 1321 495 1388 καὶ
527 1327 680 1406 γίνονται
713 1308 764 1390 λς’
799 1322 831 1401 ἐξ
864 1318 911 1389 ὧν
943 1323 1046 1406 ὑφελε
1078 1324 1115 1388 τὸ
1131 1351 1156 1390 ιο

101 1429 271 1513 τέταρτον,
290 1426 344 1494 καὶ
358 1431 477 1495 λοιπὸν
493 1429 655 1515 μένουσιν
672 1415 723 1506 κζ
746 1433 1038 1494 πολλαπλασιάσον
1055 1438 1116 1494 τοῦ

99 1537 290 1620 κενώματος
312 1539 390 1613 τοὺς
412 1520 435 1600 δ
458 1532 511 1620 ἐφ’
530 1534 679 1620 ἑαυτούς,
701 1532 757 1600 καὶ
779 1537 932 1619 γίνονται
949 1539 1050 1613 πόδες
1065 1540 1115 1606 ῖξ·

100 1643 135 1722 ἐξ
164 1643 275 1708 αὑτῶν
301 1643 403 1728 ὑφελε
432 1629 462 1726 δ,
485 1640 541 1708 καὶ
563 1639 702 1727 μένουσι
726 1626 776 1726 ᾧ·
804 1651 906 1708 ταῦτα
929 1648 1116 1709 πολλαπλα-

101 1754 222 1817 σίασον
238 1749 291 1816 ἐπὶ
309 1754 347 1817 τὸ
366 1750 474 1834 βώθος
492 1749 663 1816 τουτέστιν
677 1747 729 1815 ἐπὶ
748 1753 827 1827 τοὺς
840 1758 872 1834 ή,
891 1749 947 1817 καὶ
964 1754 1115 1834 γίνονται

100 1859 202 1935 πόδες
220 1845 284 1926 ιι-ς·
307 1858 478 1924 τοσούτων
500 1852 562 1923 οὑν
580 1858 696 1922 ποδῶν
715 1857 866 1942 εὑρήσεις
892 1860 929 1924 τὸ
953 1858 1069 1945 φρέαρ.
1129 1884 1156 1924 15

167 1963 345 2031 Ἐντεῦθεν
361 1961 422 2031 οὑν
436 1962 491 2030 καὶ
504 1969 603 2029 πλοῖα
618 1965 779 2050 εὑρήσεις,
796 1962 852 2028 καλ
866 1968 1114 2050 κολυμβήθρας,

100 2069 157 2138 καὶ
181 2072 406 2155 οὑγγιασμοὺς
428 2071 566 2154 ὕδατος,
589 2067 644 2134 καὶ
668 2070 864 2154 ίππήλώσια,
888 2068 942 2136 καὶ
964 2073 1115 2157 τμήματα

101 2181 250 2262 κύκλων,
279 2176 334 2243 καὶ
357 2179 497 2258 κύκλον,
525 2174 580 2241 καὶ
603 2188 767 2262 σφαῖραν,
790 2174 844 2241 καὶ
867 2180 1037 2263 πυραμίδα
1060 2177 1115 2245 καὶ

100 2286 180 2369 ὑγιῆ
208 2283 263 2350 καὶ
290 2283 543 2369 τεθραυσμόνήν
568 2282 623 2348 καλ
650 2284 801 2369 ήμιτελή,
830 2283 885 2350 καὶ
912 2295 1022 2351 κῶνον
1047 2288 1115 2351 ῖσο-

101 2397 200 2475 σκελή
224 2389 279 2457 καὶ
301 2402 412 2456 κῶνον
430 2393 607 2476 κόλουρον,
632 2388 687 2456 καὶ
711 2391 906 2474 πολύγονα,
930 2390 984 2456 καὶ
1009 2391 1114 2457 ὁπόσα
1129 2419 1156 2457 εο

100 2500 217 2583 βούλει
240 2497 388 2583 σχήματά
410 2520 444 2562 τε
467 2495 523 2561 καὶ
547 2499 689 2582 σώματα.

163 2601 285 2670 Ὁπόσα
314 2599 350 2668 δὲ
379 2610 424 2692 τῷ
447 2607 625 2689 Πετοσίρει
653 2606 735 2688 πρὸς
758 2604 900 2688 Νεχεήώ
923 2605 1113 2689 πεφλυύρή-

100 2737 154 2778 ται
177 2709 253 2797 περὶ
277 2714 359 2795 ζωῆς
385 2709 441 2776 καὶ
469 2711 636 2794 θανώτου,
667 2711 708 2775 ού
732 2733 788 2795 μοι
812 2709 905 2789 ἔδοξε
927 2722 998 2788 ταῖς
1021 2710 1114 2796 ἐμαῖς

101 2817 313 2902 ἐγκαταμῖξαι
333 2817 534 2901 ἐπιστολαῖς,
555 2814 634 2883 οὐδὲ
653 2819 701 2895 εἰς
719 2817 939 2901 ὑγιαίνουσαν
958 2819 1114 2903 ἐμβαλεῖν

173 3049 199 3117 1)
218 3046 258 3102 cf.
278 3044 397 3100 Heronis
416 3061 569 3115 mensuras,
588 3052 613 3102 3.

98 3177 314 3186 .----ι-

173 3257 480 3330 1ήήουν8,ήτοιΙι.
523 3259 677 3329 γίνεταιδ.
755 3259 891 3332 λταῖιτα]
916 3258 1077 3316 δὲεδδΗΙι

99 3347 237 3433 μήτιος-Ἡ
218 3368 281 3416 ήτοι
300 3347 364 3402 αδδ.
378 3347 408 3403 L.
450 3349 557 3418 γίνεται
573 3347 598 3403 S
673 3352 689 3400 3
707 3345 794 3412 ποδες
811 3351 837 3422 λ]
857 3348 957 3404 Falsus
973 3367 1113 3418 numerus,

99 3423 148 3490 qui
166 3419 272 3490 legitur
289 3418 385 3472 item
376 3437 408 3472 m
425 3419 544 3474 Herone
619 3425 637 3473 4
655 3420 780 3526 μυρύρου
799 3420 817 3475 S
837 3422 877 3490 (et
894 3421 916 3475 L
935 3437 969 3475 ex
988 3423 1078 3491 corr..)

137 3507 355 3564 ῖδίπλασονλι.
437 3513 469 3562 13
490 3495 519 3579 δ]
542 3507 597 3575 leg
621 3509 653 3563 τὸ
676 3506 809 3577 τέταρτον
828 3509 922 3579 (Herm)
997 3515 1030 3563 17
1049 3511 1114 3580 οὑγ-

98 3580 252 3652 γυιασμοὺς
269 3579 299 3634 L.
354 3582 388 3633 20
407 3577 557 3650 κόλλουρον
576 3579 606 3633 L.
661 3585 695 3634 22
714 3581 837 3650 Νεψεχώ
856 3581 886 3636 L.
